Automatically generated by Mendeley Desktop 1.13.4
Any changes to this file will be lost if it is regenerated by Mendeley.

BibTeX export options can be customized via Options -> BibTeX in Mendeley Desktop

@misc{Moran2013,
author = {Moran, Ned and Scott, Mike and Vashisht, Sai Omkar and Haq, Thoufique},
keywords = {Blog,Exploits,Mike Scott,Ned Moran,Sai Omkar Vashisht,Targeted Attack,Thoufique Haq,Threat Intelligence,Threat Research,Vulnerabilities},
title = {{Operation Ephemeral Hydra: IE Zero-Day Linked to DeputyDog Uses Diskless Method | Threat Research | FireEye Inc}},
url = {https://www.fireeye.com/blog/threat-research/2013/11/operation-ephemeral-hydra-ie-zero-day-linked-to-deputydog-uses-diskless-method.html},
urldate = {2015-03-11},
year = {2013}
}
@misc{Chen2013,
author = {Chen, Xiaobo and Caselden, Dan},
keywords = {Blog,Dan Caselden,Xiaobo Chen},
title = {{New IE Zero-Day Found in Watering Hole Attack - Threat Research - FireEye Inc}},
url = {https://www.fireeye.com/blog/threat-research/2013/11/new-ie-zero-day-found-in-watering-hole-attack.html},
urldate = {2015-03-11},
year = {2013}
}
@misc{Microsoft2015,
author = {Microsoft},
booktitle = {Microsoft},
title = {{Microsoft Support Lifecycle}},
url = {http://support.microsoft.com/lifecycle/search/default.aspx?alpha=Vista},
urldate = {2015-02-27},
year = {2015}
}
@misc{Perlroth2013,
annote = {Tutorial 1: Availability},
author = {Perlroth, Nicole and Hardy, Quentin},
booktitle = {New York Times},
keywords = {Banking and Financial Institutions,Cloud Computing,Cyberwarfare,Data Centers,Iran},
title = {{Online Banking Attacks Were Work of Iran, U.S. Officials Say - NYTimes.com}},
url = {http://www.nytimes.com/2013/01/09/technology/online-banking-attacks-were-work-of-iran-us-officials-say.html?\_r=0},
urldate = {2015-02-25},
year = {2013}
}
@misc{Bright2010,
author = {Bright, Peter},
booktitle = {Ars Technica},
title = {{4chan rushes to WikiLeaks’ defense, forces Swiss banking site offline | Ars Technica}},
url = {http://arstechnica.com/tech-policy/2010/12/4chan-rushes-to-wikileaks-defense-forces-swiss-banking-site-offline/},
urldate = {2015-02-25},
year = {2010}
}
@misc{Grisham2015,
annote = {Tutorial 1: Confidentiality},
author = {Grisham, Lori},
booktitle = {USA Today},
title = {{Timeline: North Korea and the Sony Pictures hack}},
url = {http://www.usatoday.com/story/news/nation-now/2014/12/18/sony-hack-timeline-interview-north-korea/20601645/},
urldate = {2015-02-25},
year = {2015}
}
@misc{SecurityFocus2007a,
author = {SecurityFocus},
booktitle = {SecurityFocus},
keywords = {DDoS,DoS,IDS,VPN,advisory,antivirus,auditing,authentication,backdoor,backdoors,buffer overflow,bugtrac,bugtrack,bugtrag,bugtraq,bugtraq-es,bugtraq-jp,computer security,crack,cracker,cracking,cryptography,denial of service,encryption,exploit,firewall,focus-ids,focus-ih,focus-linux,focus-ms,focus-sun,full disclosure,hack,incident responce,information security,information warfare,infowar,internet security,intrusion detection,linux,overflow,password,security,security focus,security incidents,security jobs,security products,security tools,securityfocus,sf-news,smurf,sniffer,sniffing,solaris,spoofing,syn flooding,trojan,virtual private network,virus,vuln-dev,vulnerabilities,vulnerability,vulnerability database,web security,windows,windows nt},
title = {{Microsoft Windows Explorer PNG Image Local Denial Of Service Vulnerability}},
url = {http://www.securityfocus.com/bid/25816/info},
urldate = {2015-03-07},
year = {2007}
}
@misc{Ozkan2015a,
author = {Ozkan, Serkan},
booktitle = {CVE Details},
keywords = {cve,cvss,cwe,exploit,information security,nvd,security,security vulnerability,vulnerability,vulnerability database},
title = {{Microsoft Windows Vista : List of security vulnerabilities}},
url = {http://www.cvedetails.com/vulnerability-list/vendor\_id-26/product\_id-9591/Microsoft-Windows-Vista.html},
urldate = {2015-02-27},
year = {2015}
}
@misc{Gross2014,
annote = {Tutorial 1: Confidentiality},
author = {Gross, Grant},
booktitle = {Infoworld},
title = {{Update: Target now says up to 110 million affected by data breach | InfoWorld}},
url = {http://www.infoworld.com/article/2609239/data-security/update--target-now-says-up-to-110-million-affected-by-data-breach.html},
urldate = {2015-02-25},
year = {2014}
}
@misc{SecurityFocus2015,
author = {SecurityFocus},
booktitle = {SecurityFocus},
keywords = {DDoS,DoS,IDS,VPN,advisory,antivirus,auditing,authentication,backdoor,backdoors,buffer overflow,bugtrac,bugtrack,bugtrag,bugtraq,bugtraq-es,bugtraq-jp,computer security,crack,cracker,cracking,cryptography,denial of service,encryption,exploit,firewall,focus-ids,focus-ih,focus-linux,focus-ms,focus-sun,full disclosure,hack,incident responce,information security,information warfare,infowar,internet security,intrusion detection,linux,overflow,password,security,security focus,security incidents,security jobs,security products,security tools,securityfocus,sf-news,smurf,sniffer,sniffing,solaris,spoofing,syn flooding,trojan,virtual private network,virus,vuln-dev,vulnerabilities,vulnerability,vulnerability database,web security,windows,windows nt},
title = {{Microsoft Internet Explorer CVE-2015-0067 Remote Memory Corruption Vulnerability}},
url = {http://www.securityfocus.com/bid/72423/info},
urldate = {2015-03-11},
year = {2015}
}
@misc{Wilson2013,
author = {Wilson, Tim},
booktitle = {darkreading.com},
title = {{New IE Vulnerability Found In The Wild; Sophisticated Web Exploit Follows}},
url = {http://www.darkreading.com/new-ie-vulnerability-found-in-the-wild-sophisticated-web-exploit-follows/d/d-id/1140858?},
urldate = {2015-03-11},
year = {2013}
}
@misc{Microsoft2014,
author = {Microsoft},
booktitle = {Microsoft},
title = {{Windows lifecycle fact sheet - Windows Help}},
url = {http://windows.microsoft.com/en-au/windows/lifecycle},
urldate = {2015-02-27},
year = {2014}
}
@misc{Anderson2010a,
author = {Anderson, Nate},
booktitle = {Ars Technica},
title = {{4chan tries to change life “OUTSIDE the basement” via DDoS attacks | Ars Technica}},
url = {http://arstechnica.com/tech-policy/2010/09/4chan-tries-to-change-life-outside-the-basement-via-ddos-attacks/},
urldate = {2015-02-25},
year = {2010}
}
@misc{Ozkan2011,
author = {Ozkan, Serkan},
booktitle = {CVE Details},
keywords = {cve,cvss,cwe,exploit,information security,nvd,security,security vulnerability,vulnerability,vulnerability database},
title = {{Adobe Acrobat version 6.0.1 : Security vulnerabilities}},
url = {http://www.cvedetails.com/vulnerability-list/vendor\_id-53/product\_id-921/version\_id-14559/Adobe-Acrobat-6.0.1.html},
urldate = {2015-02-27},
year = {2011}
}
@misc{SecurityFocus2007b,
author = {SecurityFocus},
booktitle = {SecurityFocus},
keywords = {DDoS,DoS,IDS,VPN,advisory,antivirus,auditing,authentication,backdoor,backdoors,buffer overflow,bugtrac,bugtrack,bugtrag,bugtraq,bugtraq-es,bugtraq-jp,computer security,crack,cracker,cracking,cryptography,denial of service,encryption,exploit,firewall,focus-ids,focus-ih,focus-linux,focus-ms,focus-sun,full disclosure,hack,incident responce,information security,information warfare,infowar,internet security,intrusion detection,linux,overflow,password,security,security focus,security incidents,security jobs,security products,security tools,securityfocus,sf-news,smurf,sniffer,sniffing,solaris,spoofing,syn flooding,trojan,virtual private network,virus,vuln-dev,vulnerabilities,vulnerability,vulnerability database,web security,windows,windows nt},
title = {{Microsoft Windows Vista Windows Mail Local File Execution Vulnerability}},
url = {http://www.securityfocus.com/bid/23103/info},
urldate = {2015-03-07},
year = {2007}
}
@misc{Ozkan2013,
author = {Ozkan, Serkan},
booktitle = {CVE Details},
keywords = {201303918,CVE-2013-3918,CVSS 9.3,CWE-119},
title = {{CVE-2013-3918 : The InformationCardSigninHelper Class ActiveX control in icardie.dll in Microsoft Windows XP SP2 and SP3, Windows Server}},
url = {http://www.cvedetails.com/cve/CVE-2013-3918/},
urldate = {2015-03-11},
year = {2013}
}
@misc{Goodin2015,
annote = {Tutorial 1: Confidentiality},
author = {Goodin, Dan},
booktitle = {Ars Technica},
title = {{Lenovo PCs ship with man-in-the-middle adware that breaks HTTPS connections [Updated] | Ars Technica}},
url = {http://arstechnica.com/security/2015/02/lenovo-pcs-ship-with-man-in-the-middle-adware-that-breaks-https-connections/},
urldate = {2015-02-25},
year = {2015}
}
@misc{Ozkan2015b,
author = {Ozkan, Serkan},
booktitle = {CVE Details},
keywords = {cve,cvss,cwe,exploit,information security,nvd,security,security vulnerability,vulnerability,vulnerability database},
title = {{Microsoft Internet Explorer version 7 : Security vulnerabilities}},
url = {http://www.cvedetails.com/vulnerability-list/vendor\_id-26/product\_id-9900/version\_id-53823/Microsoft-Internet-Explorer-7.html},
urldate = {2015-02-27},
year = {2015}
}
@misc{Capriotti2014,
author = {Capriotti, Roger},
booktitle = {blog.msdn.com},
keywords = {Developers,Security,Windows 7,Windows 8.1},
title = {{Stay up-to-date with Internet Explorer - IEBlog - Site Home - MSDN Blogs}},
url = {http://blogs.msdn.com/b/ie/archive/2014/08/07/stay-up-to-date-with-internet-explorer.aspx},
urldate = {2015-03-11},
year = {2014}
}
@misc{Microsoft2013,
author = {Microsoft},
title = {{Microsoft Security Bulletin MS13-090 - Critical}},
url = {https://technet.microsoft.com/library/security/ms13-090?f=255\&MSPPError=-2147217396},
urldate = {2015-03-11},
year = {2013}
}
@misc{Poulsen2011,
author = {Poulsen, Kevin},
booktitle = {Wired.com},
keywords = {Wired Blogs,Wired News,Wired.com,culture,electronics,gadgets,gizmos,politics,reviews,science,tech,tech news,technology},
title = {{Hacktivists Scorch PBS in Retaliation for WikiLeaks Documentary}},
url = {http://www.wired.com/2011/05/lulzsec/},
urldate = {2015-02-25},
year = {2011}
}
@misc{Ribeiro2013,
annote = {Tutorial 1: Confidentiality},
author = {Ribeiro, John},
booktitle = {Infoworld},
title = {{Target says 40 million cards likely skimmed in security breach | InfoWorld}},
url = {http://www.infoworld.com/article/2609317/hacking/target-says-40-million-cards-likely-skimmed-in-security-breach.html},
urldate = {2015-02-25},
year = {2013}
}
@misc{Ozkan2009,
author = {Ozkan, Serkan},
booktitle = {CVE Details},
keywords = {cve,cvss,cwe,exploit,information security,nvd,security,security vulnerability,vulnerability,vulnerability database},
title = {{Openoffice Openoffice.org version 1.1.5 : Security vulnerabilities}},
url = {http://www.cvedetails.com/vulnerability-list/vendor\_id-1510/product\_id-12908/version\_id-59221/Openoffice-Openoffice.org-1.1.5.html},
urldate = {2015-02-27},
year = {2009}
}
@misc{Anderson2010b,
author = {Anderson, Nate},
booktitle = {Ars Technica},
title = {{“Operation Payback” attacks to go on until “we stop being angry” | Ars Technica}},
url = {http://arstechnica.com/tech-policy/2010/09/operation-payback-attacks-continue-until-we-stop-being-angry/},
urldate = {2015-02-25},
year = {2010}
}
@misc{SecurityFocus2008,
author = {SecurityFocus},
booktitle = {SecurityFocus},
keywords = {DDoS,DoS,IDS,VPN,advisory,antivirus,auditing,authentication,backdoor,backdoors,buffer overflow,bugtrac,bugtrack,bugtrag,bugtraq,bugtraq-es,bugtraq-jp,computer security,crack,cracker,cracking,cryptography,denial of service,encryption,exploit,firewall,focus-ids,focus-ih,focus-linux,focus-ms,focus-sun,full disclosure,hack,incident responce,information security,information warfare,infowar,internet security,intrusion detection,linux,overflow,password,security,security focus,security incidents,security jobs,security products,security tools,securityfocus,sf-news,smurf,sniffer,sniffing,solaris,spoofing,syn flooding,trojan,virtual private network,virus,vuln-dev,vulnerabilities,vulnerability,vulnerability database,web security,windows,windows nt},
title = {{Microsoft Windows NoDriveTypeAutoRun Automatic File Execution Vulnerability}},
url = {http://www.securityfocus.com/bid/28360/info},
urldate = {2015-03-07},
year = {2008}
}
