Automatically generated by Mendeley Desktop 1.12.1
Any changes to this file will be lost if it is regenerated by Mendeley.

BibTeX export options can be customized via Options -> BibTeX in Mendeley Desktop

@article{Liao2001,
author = {Liao, Ziqi and Cheung, MT},
file = {:E$\backslash$:/Documents/eBooks/mendeley/Liao, Cheung/Internet-based e-shopping and consumer attitudes an empirical study/Liao, Cheung - 2001 - Internet-based e-shopping and consumer attitudes an empirical study.pdf:pdf},
journal = {Information \& Management},
keywords = {b2c e-commerce,consumer attitudes,empirical study,internet virtual shopping,survey},
pages = {299--306},
title = {{Internet-based e-shopping and consumer attitudes: an empirical study}},
url = {http://www.sciencedirect.com/science/article/pii/S0378720600000720},
volume = {38},
year = {2001}
}
@article{Ashurst2011,
author = {Ashurst, C. and Cragg, P. and Herring, P.},
doi = {10.1177/0266242610375703},
file = {:E$\backslash$:/Documents/eBooks/mendeley/Ashurst, Cragg, Herring/The role of IT competences in gaining value from e-business An SME case study/Ashurst, Cragg, Herring - 2011 - The role of IT competences in gaining value from e-business An SME case study.pdf:pdf},
issn = {0266-2426},
journal = {International Small Business Journal},
month = mar,
number = {6},
pages = {640--658},
title = {{The role of IT competences in gaining value from e-business: An SME case study}},
url = {http://isb.sagepub.com/cgi/doi/10.1177/0266242610375703},
volume = {30},
year = {2011}
}
@article{Johnson2010,
author = {Johnson, Michael},
doi = {10.1108/02635571011020287},
file = {:E$\backslash$:/Documents/eBooks/mendeley/Johnson/Barriers to innovation adoption a study of e-markets/Johnson - 2010 - Barriers to innovation adoption a study of e-markets.pdf:pdf},
issn = {0263-5577},
journal = {Industrial Management \& Data Systems},
keywords = {electronic commerce,information systems,organizational innovation,paper type research paper,supply chain management},
number = {2},
pages = {157--174},
title = {{Barriers to innovation adoption: a study of e-markets}},
url = {http://www.emeraldinsight.com/10.1108/02635571011020287},
volume = {110},
year = {2010}
}
@article{Lumpkin2002,
author = {Lumpkin, G.T. and Droege, Scott B. and Dess, Gregory G.},
file = {:E$\backslash$:/Documents/eBooks/mendeley/Lumpkin, Droege, Dess/Achieving Sustainable Competitive Advantage and Avoiding Pitfalls/Lumpkin, Droege, Dess - 2002 - Achieving Sustainable Competitive Advantage and Avoiding Pitfalls.pdf:pdf},
journal = {Organizational Dynamics},
number = {4},
pages = {325--340},
title = {{Achieving Sustainable Competitive Advantage and Avoiding Pitfalls}},
volume = {30},
year = {2002}
}
@article{Chen2002,
author = {Chen, Lei-da and Gillenson, ML and Sherrell, DL},
file = {:E$\backslash$:/Documents/eBooks/mendeley/Chen, Gillenson, Sherrell/Enticing online consumers an extended technology acceptance perspective/Chen, Gillenson, Sherrell - 2002 - Enticing online consumers an extended technology acceptance perspective.pdf:pdf},
isbn = {1402280556},
journal = {Information \& management},
keywords = {electronic markets,innovation diffusion,online retailing,technology acceptance model,virtual store},
title = {{Enticing online consumers: an extended technology acceptance perspective}},
url = {http://www.sciencedirect.com/science/article/pii/S0378720601001276},
volume = {39},
year = {2002}
}
@article{Schlosser2006,
author = {Schlosser, Ann E and White, Tiffany Barnett and Lloyd, Susan M},
file = {:E$\backslash$:/Documents/eBooks/mendeley/Schlosser, White, Lloyd/Converting Web Site Visitors into Buyers How Web Site Investment and Online Purchase Intentions/Schlosser, White, Lloyd - 2006 - Converting Web Site Visitors into Buyers How Web Site Investment and.pdf:pdf},
journal = {Journal of Marketing},
number = {April},
pages = {133--148},
title = {{Converting Web Site Visitors into Buyers: How Web Site Investment and Online Purchase Intentions}},
volume = {70},
year = {2006}
}
@article{Belanger2002,
author = {Belanger, France and Hiller, JS and Smith, WJ},
file = {:E$\backslash$:/Documents/eBooks/mendeley/Belanger, Hiller, Smith/Trustworthiness in electronic commerce the role of privacy, security, and site attributes/Belanger, Hiller, Smith - 2002 - Trustworthiness in electronic commerce the role of privacy, security, and.pdf:pdf},
journal = {The Journal of Strategic Information \ldots},
keywords = {business-to-consumer electronic commerce,electronic commerce,privacy,security,trust},
pages = {245--270},
title = {{Trustworthiness in electronic commerce: the role of privacy, security, and site attributes}},
url = {http://www.sciencedirect.com/science/article/pii/S0963868702000185},
volume = {11},
year = {2002}
}
@article{Matook2014,
author = {Matook, Sabine},
file = {:E$\backslash$:/Documents/eBooks/mendeley/Matook/A method for evaluating performance of IT-centric businesses applied to the domain of electronic marketplaces/Matook - 2014 - A method for evaluating performance of IT-centric businesses applied to the domain of el.pdf:pdf},
journal = {Journal of Computer Information Systems},
number = {2},
pages = {44--56},
title = {{A method for evaluating performance of IT-centric businesses applied to the domain of electronic marketplaces}},
url = {http://espace.library.uq.edu.au/view/UQ:288066},
volume = {52},
year = {2014}
}
@article{Moon2001,
author = {Moon, JW and Kim, YG},
file = {:E$\backslash$:/Documents/eBooks/mendeley/Moon, Kim/Extending the TAM for a World-Wide-Web context/Moon, Kim - 2001 - Extending the TAM for a World-Wide-Web context.pdf:pdf},
journal = {Information \& Management},
keywords = {playfulness,tam,technology acceptance,technology acceptance model,world-wide-web},
title = {{Extending the TAM for a World-Wide-Web context}},
url = {http://www.sciencedirect.com/science/article/pii/S0378720600000616},
volume = {38},
year = {2001}
}
@article{Poddar2009,
author = {Poddar, Amit and Donthu, Naveen and Wei, Yujie},
doi = {10.1016/j.jbusres.2008.01.036},
file = {:E$\backslash$:/Documents/eBooks/mendeley/Poddar, Donthu, Wei/Web site customer orientations, Web site quality, and purchase intentions The role of Web site personality/Poddar, Donthu, Wei - 2009 - Web site customer orientations, Web site quality, and purchase in.pdf:pdf},
issn = {01482963},
journal = {Journal of Business Research},
keywords = {a profound impact on,buying goods online,consumers are now comfortable,customer orientation,customers to visit and,internet,marketing,most,online retailers attempt,purchase intentions,revisit their sites,the internet has had,to attract,web site personality,web site quality},
month = apr,
number = {4},
pages = {441--450},
publisher = {Elsevier Inc.},
title = {{Web site customer orientations, Web site quality, and purchase intentions: The role of Web site personality}},
url = {http://linkinghub.elsevier.com/retrieve/pii/S0148296308000623},
volume = {62},
year = {2009}
}
@article{Brown2001,
author = {Brown, Ricky D.},
file = {:E$\backslash$:/Documents/eBooks/mendeley/Brown/E-commerce Customer service success factors/Brown - 2001 - E-commerce Customer service success factors.pdf:pdf},
journal = {Futurics},
number = {3/4},
pages = {18--30},
title = {{E-commerce : Customer service success factors}},
url = {http://ezproxy.ecu.edu.au/login?url=http://search.proquest.com.ezproxy.ecu.edu.au/docview/219844520?accountid=10675},
volume = {25},
year = {2001}
}
@article{Phan2003,
author = {Phan, Dien D.},
file = {:E$\backslash$:/Documents/eBooks/mendeley/Phan/E-business development for competitive advantages a case study/Phan - 2003 - E-business development for competitive advantages a case study.pdf:pdf},
journal = {Information \& Management},
keywords = {b2b,competitive advantage,e-business,e-commerce,extranet,strategy,supply chain,value chain},
pages = {581--590},
title = {{E-business development for competitive advantages: a case study}},
url = {http://www.sciencedirect.com/science/article/pii/S0378720602000897},
volume = {40},
year = {2003}
}
@article{Ahn2007,
author = {Ahn, Tony and Ryu, Seewon and Han, Ingoo},
doi = {10.1016/j.im.2006.12.008},
file = {:E$\backslash$:/Documents/eBooks/mendeley/Ahn, Ryu, Han/The impact of Web quality and playfulness on user acceptance of online retailing/Ahn, Ryu, Han - 2007 - The impact of Web quality and playfulness on user acceptance of online retailing.pdf:pdf},
issn = {03787206},
journal = {Information \& Management},
keywords = {online retailing,playfulness,service quality,technology acceptance model,web quality},
month = apr,
number = {3},
pages = {263--275},
title = {{The impact of Web quality and playfulness on user acceptance of online retailing}},
url = {http://linkinghub.elsevier.com/retrieve/pii/S0378720607000225},
volume = {44},
year = {2007}
}
@article{Bai2008,
author = {Bai, Billy and Law, Rob and Wen, Ivan},
doi = {10.1016/j.ijhm.2007.10.008},
file = {:E$\backslash$:/Documents/eBooks/mendeley/Bai, Law, Wen/The impact of website quality on customer satisfaction and purchase intentions Evidence from Chinese online visitors/Bai, Law, Wen - 2008 - The impact of website quality on customer satisfaction and purchase.pdf:pdf},
issn = {02784319},
journal = {International Journal of Hospitality Management},
keywords = {chinese online visitors,customer satisfaction,purchase intentions,website quality},
month = sep,
number = {3},
pages = {391--402},
title = {{The impact of website quality on customer satisfaction and purchase intentions: Evidence from Chinese online visitors}},
url = {http://linkinghub.elsevier.com/retrieve/pii/S0278431907001028},
volume = {27},
year = {2008}
}
@article{Ranganathan2002,
author = {Ranganathan, C and Ganapathy, Shobha},
file = {:E$\backslash$:/Documents/eBooks/mendeley/Ranganathan, Ganapathy/Key dimensions of business-to-consumer web sites/Ranganathan, Ganapathy - 2002 - Key dimensions of business-to-consumer web sites.pdf:pdf},
journal = {Information \& Management},
keywords = {business-to-consumer web sites,online shopping,privacy,security,web design},
title = {{Key dimensions of business-to-consumer web sites}},
url = {http://www.sciencedirect.com/science/article/pii/S0378720601001124},
volume = {39},
year = {2002}
}
@article{Chen2004,
author = {Chen, Lei-Da and Tan, Justin},
doi = {10.1016/j.emj.2003.11.014},
file = {:E$\backslash$:/Documents/eBooks/mendeley/Chen, Tan/Technology Adaptation in E-commerce Key Determinants of Virtual Stores Acceptance/Chen, Tan - 2004 - Technology Adaptation in E-commerce Key Determinants of Virtual Stores Acceptance.pdf:pdf},
issn = {02632373},
journal = {European Management Journal},
keywords = {technology adaptation,virtual store},
month = feb,
number = {1},
pages = {74--86},
title = {{Technology Adaptation in E-commerce: Key Determinants of Virtual Stores Acceptance}},
url = {http://linkinghub.elsevier.com/retrieve/pii/S0263237303001622},
volume = {22},
year = {2004}
}
@article{Clarke2004,
author = {Clarke, Irvine and Flaherty, Theresa B.},
file = {:E$\backslash$:/Documents/eBooks/mendeley/Clarke, Flaherty/Challenges of transforming a traditional brick-and-mortar store into a bricks-and-clicks model a small business case study/Clarke, Flaherty - 2004 - Challenges of transforming a traditional brick-and-mort.pdf:pdf},
journal = {Journal of Electronic Commerce in Organizations},
number = {4},
pages = {74--88},
title = {{Challenges of transforming a traditional brick-and-mortar store into a bricks-and-clicks model: a small business case study}},
url = {http://search.proquest.com.ezproxy.ecu.edu.au/docview/236478585?pq-origsite=summon http://www.igi-global.com/article/journal-electronic-commerce-organizations-jeco/3442},
volume = {2},
year = {2004}
}
@article{Hall2011,
author = {Hall, W and Gupta, A},
file = {:E$\backslash$:/Documents/eBooks/mendeley/Hall, Gupta/Barnes \& Noble, Inc. Maintaining A Competitive Edge In An Ever-changing Industry/Hall, Gupta - 2010 - Barnes \& Noble, Inc. Maintaining A Competitive Edge In An Ever-changing Industry.pdf:pdf},
journal = {Journal of Business Case Studies},
number = {4},
pages = {9--22},
title = {{Barnes \& Noble, Inc.: Maintaining A Competitive Edge In An Ever-changing Industry}},
url = {http://www.journals.cluteonline.com/index.php/JBCS/article/view/886},
volume = {6},
year = {2010}
}
@article{Hansen2010,
author = {Hansen, Stacey and Rustogi, Hemant},
file = {:E$\backslash$:/Documents/eBooks/mendeley/Hansen, Rustogi/Jagged Peak The Case For Going Direct/Hansen, Rustogi - 2010 - Jagged Peak The Case For Going Direct.pdf:pdf},
journal = {Journal of Business Case Studies},
number = {5},
pages = {65--76},
title = {{Jagged Peak : The Case For Going Direct}},
volume = {6},
year = {2010}
}
@article{Marimuthu2012,
author = {Marimuthu, Malliga and Omar, Azizah and Ramaya, T. and Mohamad, Osman},
file = {:E$\backslash$:/Documents/eBooks/mendeley/Marimuthu et al/SMEs Performance Leveraging Marketing Process Through E-Business/Marimuthu et al. - 2012 - SMEs Performance Leveraging Marketing Process Through E-Business.pdf:pdf},
journal = {International Journal of E-Business Research},
number = {2},
pages = {49--66},
title = {{SMEs Performance: Leveraging Marketing Process Through E-Business}},
url = {http://go.galegroup.com/ps/i.do?id=GALE|A294896298\&v=2.1\&u=cowan\&it=r\&p=AONE\&sw=w\&asid=3ff34fbda8cc3e33ab8b52cc070344ba},
volume = {8},
year = {2012}
}
@article{Lumpkin2004,
author = {Lumpkin, G.T. and Dess, Gregory G.},
doi = {10.1016/j.orgdyn.2004.01.004},
file = {:E$\backslash$:/Documents/eBooks/mendeley/Lumpkin, Dess/E-Business Strategies and Internet Business Models How the Internet Adds Value/Lumpkin, Dess - 2004 - E-Business Strategies and Internet Business Models How the Internet Adds Value.pdf:pdf},
issn = {00902616},
journal = {Organizational Dynamics},
month = may,
number = {2},
pages = {161--173},
title = {{E-Business Strategies and Internet Business Models: How the Internet Adds Value}},
url = {http://linkinghub.elsevier.com/retrieve/pii/S0090261604000130},
volume = {33},
year = {2004}
}
@article{Aaker1997,
author = {Aaker, Jennifer L.},
file = {:E$\backslash$:/Documents/eBooks/mendeley/Aaker/Dimensions of brand personality/Aaker - 1997 - Dimensions of brand personality.pdf:pdf},
journal = {Journal of Marketing Research},
number = {3},
pages = {347--356},
title = {{Dimensions of brand personality}},
url = {http://search.proquest.com.ezproxy.ecu.edu.au/docview/235235096/fulltextPDF?accountid=10675 http://www.jstor.org/stable/3151897},
volume = {34},
year = {1997}
}
@article{Wan2000,
author = {Wan, HA},
file = {:E$\backslash$:/Documents/eBooks/mendeley/Wan/Opportunities to enhance a commercial website/Wan - 2000 - Opportunities to enhance a commercial website.pdf:pdf},
journal = {Information \& Management},
keywords = {e-marketing,e-services,e-transaction,process-value matrix,web attributes},
title = {{Opportunities to enhance a commercial website}},
url = {http://www.sciencedirect.com/science/article/pii/S0378720600000483},
volume = {38},
year = {2000}
}
@article{VanRensburg2012,
author = {van Rensburg, Deryck J.},
doi = {10.1016/j.indmarman.2011.11.024},
file = {:E$\backslash$:/Documents/eBooks/mendeley/van Rensburg/“Value” — A practitioner's lens/van Rensburg - 2012 - “Value” — A practitioner's lens.pdf:pdf},
issn = {00198501},
journal = {Industrial Marketing Management},
month = jan,
number = {1},
pages = {13--14},
publisher = {Elsevier B.V.},
title = {{“Value” — A practitioner's lens}},
url = {http://linkinghub.elsevier.com/retrieve/pii/S0019850111002422},
volume = {41},
year = {2012}
}
@article{Grandon2004,
author = {Grandon, Elizabeth E. and Pearson, J.Michael},
doi = {10.1016/j.im.2003.12.010},
file = {:E$\backslash$:/Documents/eBooks/mendeley/Grandon, Pearson/Electronic commerce adoption an empirical study of small and medium US businesses/Grandon, Pearson - 2004 - Electronic commerce adoption an empirical study of small and medium US businesses.pdf:pdf},
issn = {03787206},
journal = {Information \& Management},
keywords = {e-commerce adoption,smes,strategic value of e-commerce},
month = dec,
number = {1},
pages = {197--216},
title = {{Electronic commerce adoption: an empirical study of small and medium US businesses}},
url = {http://linkinghub.elsevier.com/retrieve/pii/S0378720604000205},
volume = {42},
year = {2004}
}
@article{Flavian2006,
author = {Flavi\'{a}n, Carlos and Guinal\'{\i}u, Miguel and Gurrea, Raquel},
doi = {10.1016/j.im.2005.01.002},
file = {:E$\backslash$:/Documents/eBooks/mendeley/Flavi\'{a}n, Guinal\'{\i}u, Gurrea/The role played by perceived usability, satisfaction and consumer trust on website loyalty/Flavi\'{a}n, Guinal\'{\i}u, Gurrea - 2006 - The role played by perceived usability, satisfaction and consumer tru.pdf:pdf},
issn = {03787206},
journal = {Information \& Management},
keywords = {loyalty,satisfaction,trust,usability},
month = jan,
number = {1},
pages = {1--14},
title = {{The role played by perceived usability, satisfaction and consumer trust on website loyalty}},
url = {http://linkinghub.elsevier.com/retrieve/pii/S0378720605000169},
volume = {43},
year = {2006}
}
@article{Kang2012,
author = {Kang, Sung-Wook},
doi = {10.5539/ijbm.v7n19p16},
file = {:E$\backslash$:/Documents/eBooks/mendeley/Kang/An Identification of Unsuccessful, Failure Factors of Technology Innovation and Development in SMEs A Case Study of Components and Material./Kang - 2012 - An Identification of Unsuccessful, Failure Factors of Technol.pdf:pdf},
issn = {1833-8119},
journal = {International Journal of Business and Management},
keywords = {components and materials industry,innovation,management capability,market-orientation,technology innovation capability},
month = sep,
number = {19},
pages = {16--31},
title = {{An Identification of Unsuccessful, Failure Factors of Technology Innovation and Development in SMEs: A Case Study of Components and Material Industry}},
url = {http://www.ccsenet.org/journal/index.php/ijbm/article/view/17945},
volume = {7},
year = {2012}
}
@article{Zviran2006,
author = {Zviran, Moshe and Glezer, Chanan and Avni, Itay},
doi = {10.1016/j.im.2005.04.002},
file = {:E$\backslash$:/Documents/eBooks/mendeley/Zviran, Glezer, Avni/User satisfaction from commercial web sites The effect of design and use/Zviran, Glezer, Avni - 2006 - User satisfaction from commercial web sites The effect of design and use.pdf:pdf},
issn = {03787206},
journal = {Information \& Management},
keywords = {usability,user satisfaction,user-based design,world wide web},
month = mar,
number = {2},
pages = {157--178},
title = {{User satisfaction from commercial web sites: The effect of design and use}},
url = {http://linkinghub.elsevier.com/retrieve/pii/S0378720605000443},
volume = {43},
year = {2006}
}
@article{Alt2011,
author = {Alt, Rainer and Klein, Stefan},
doi = {10.1007/s12525-011-0057-z},
file = {:E$\backslash$:/Documents/eBooks/mendeley/Alt, Klein/Twenty years of electronic markets research—looking backwards towards the future/Alt, Klein - 2011 - Twenty years of electronic markets research—looking backwards towards the future.pdf:pdf},
issn = {1019-6781},
journal = {Electronic Markets},
keywords = {a brief retrospective,as a field of,it is 20 years,jel classification d4,l14,m15,market theory,that electronic markets emerged},
month = mar,
number = {1},
pages = {41--51},
title = {{Twenty years of electronic markets research—looking backwards towards the future}},
url = {http://link.springer.com/10.1007/s12525-011-0057-z},
volume = {21},
year = {2011}
}
@article{Hernandez2009,
author = {Hern\'{a}ndez, Blanca and Jim\'{e}nez, Julio and Mart\'{\i}n, M. Jos\'{e}},
doi = {10.1016/j.ijinfomgt.2008.12.006},
file = {:E$\backslash$:/Documents/eBooks/mendeley/Hern\'{a}ndez, Jim\'{e}nez, Mart\'{\i}n/Key website factors in e-business strategy/Hern\'{a}ndez, Jim\'{e}nez, Mart\'{\i}n - 2009 - Key website factors in e-business strategy.pdf:pdf},
issn = {02684012},
journal = {International Journal of Information Management},
month = oct,
number = {5},
pages = {362--371},
title = {{Key website factors in e-business strategy}},
url = {http://linkinghub.elsevier.com/retrieve/pii/S0268401209000024},
volume = {29},
year = {2009}
}
@article{Liu2000,
author = {Liu, Chang and Arnett, KP},
file = {:E$\backslash$:/Documents/eBooks/mendeley/Liu, Arnett/Exploring the factors associated with Web site success in the context of electronic commerce/Liu, Arnett - 2000 - Exploring the factors associated with Web site success in the context of electronic commerce.pdf:pdf},
journal = {Information \& Management},
keywords = {cybermarketing,electronic commerce,fortune 1000,web site success},
title = {{Exploring the factors associated with Web site success in the context of electronic commerce}},
url = {http://www.sciencedirect.com/science/article/pii/S0378720600000495},
volume = {38},
year = {2000}
}
@article{Weitz2010,
author = {Weitz, Rob and Rosenthal, David},
file = {:E$\backslash$:/Documents/eBooks/mendeley/Weitz, Rosenthal/Valuing A B2B Website A Case Study Of An Industrial Products Supplier/Weitz, Rosenthal - 2010 - Valuing A B2B Website A Case Study Of An Industrial Products Supplier.pdf:pdf},
journal = {Journal of Business Case Studies},
number = {5},
pages = {59--64},
title = {{Valuing A B2B Website : A Case Study Of An Industrial Products Supplier}},
volume = {6},
year = {2010}
}
@article{El-Gohary2010,
author = {El-Gohary, H},
file = {:E$\backslash$:/Documents/eBooks/mendeley/El-Gohary/E-Marketing-A literature Review from a Small Businesses perspective/El-Gohary - 2010 - E-Marketing-A literature Review from a Small Businesses perspective.pdf:pdf},
journal = {International Journal of Business and Social Science},
keywords = {e-business,e-commerce,e-mail marketing,e-marketing,internet marketing,literature review,marketing,mobile,performance,small business enterprises},
pages = {214--245},
title = {{E-Marketing-A literature Review from a Small Businesses perspective}},
url = {http://www.ijbssnet.com/journals/20.pdf},
year = {2010}
}
