Automatically generated by Mendeley Desktop 1.12.1
Any changes to this file will be lost if it is regenerated by Mendeley.

BibTeX export options can be customized via Options -> BibTeX in Mendeley Desktop

@book{Whitten2007,
address = {New York},
author = {Whitten, Jeffery L. and Bentley, Lonnie D.},
edition = {7th},
file = {:E$\backslash$:/Documents/eBooks/mendeley/Whitten, Bentley/Systems Analysis \& Design Methods/Whitten, Bentley - 2007 - Systems Analysis \& Design Methods.pdf:pdf},
isbn = {9780073052335},
keywords = {system analysis},
mendeley-tags = {system analysis},
publisher = {McGraw-Hill},
title = {{Systems Analysis \& Design Methods}},
year = {2007}
}
@unpublished{Collins-Cope,
author = {Collins-Cope, Mark},
file = {:E$\backslash$:/Documents/eBooks/mendeley/Collins-Cope/Object Oriented Analysis and Design Using UML/Collins-Cope - Unknown - Object Oriented Analysis and Design Using UML.pdf:pdf},
title = {{Object Oriented Analysis and Design Using UML}}
}
@book{Siau2010,
address = {Armonk, NY, USA},
author = {Siau, Keng and Chiang, Roger H. L. and Hardgrave, Bill C.},
booktitle = {Siau, Keng Chiang, Roger H. L. Hardgrave, Bill C.},
file = {:E$\backslash$:/Documents/eBooks/mendeley/Siau, Chiang, Hardgrave/Systems Analysis and Design People, Processes, and Projects/Siau, Chiang, Hardgrave - 2010 - Systems Analysis and Design People, Processes, and Projects.pdf:pdf},
isbn = {9780765623539},
pages = {241},
publisher = {M. E. Sharpe Incorporated},
title = {{Systems Analysis and Design: People, Processes, and Projects}},
url = {http://books.google.com/books?hl=en\&lr=\&id=\_T0fknWlQfoC\&oi=fnd\&pg=PR3\&dq=Systems+Analysis+and+Design:+People,+Processes,+and+Projects\&ots=spEZNGSXQc\&sig=S5iN8V9H-Rx5WfdeQOrWXIGKiaY},
year = {2010}
}
@book{Maciaszek2007,
address = {Essex},
author = {Maciaszek, Leszek A.},
edition = {3rd},
file = {:E$\backslash$:/Documents/eBooks/mendeley/Maciaszek/Requirements Analysis and System Design/Maciaszek - 2007 - Requirements Analysis and System Design.pdf:pdf},
isbn = {9780321440365},
keywords = {system analysis},
mendeley-tags = {system analysis},
publisher = {Pearson Education},
title = {{Requirements Analysis and System Design}},
year = {2007}
}
@book{Weiringa2003,
address = {San Francisco},
author = {Weiringa, R. J.},
edition = {1st},
file = {:E$\backslash$:/Documents/eBooks/mendeley/Weiringa/Design Methods for Reactive Systems - Yourdon, Statemate and the UML/Weiringa - 2003 - Design Methods for Reactive Systems - Yourdon, Statemate and the UML.pdf:pdf},
isbn = {1558607552},
keywords = {system analysis},
mendeley-tags = {system analysis},
publisher = {Morgan Kaufmann Publishers},
title = {{Design Methods for Reactive Systems - Yourdon, Statemate and the UML}},
year = {2003}
}
@book{Yeates2004,
address = {Essex},
author = {Yeates, Donald and Wakefield, Tony},
edition = {2nd},
file = {:E$\backslash$:/Documents/eBooks/mendeley/Yeates, Wakefield/System Analysis and Design/Yeates, Wakefield - 2004 - System Analysis and Design.pdf:pdf},
isbn = {9780273655367},
keywords = {system analysis},
mendeley-tags = {system analysis},
publisher = {Prentice Hall},
title = {{System Analysis and Design}},
year = {2004}
}
