Automatically generated by Mendeley Desktop 1.12.2
Any changes to this file will be lost if it is regenerated by Mendeley.

BibTeX export options can be customized via Options -> BibTeX in Mendeley Desktop

@book{Gaddis2013,
address = {New Jersey},
author = {Gaddis, Tony},
edition = {5th},
file = {:E$\backslash$:/Documents/eBooks/mendeley/Gaddis/Starting Out With Java - From Control Structures through Objects/Gaddis - 2013 - Starting Out With Java - From Control Structures through Objects.pdf:pdf},
isbn = {9780132890380},
keywords = {programming},
mendeley-tags = {programming},
publisher = {Pearson Education},
title = {{Starting Out With Java - From Control Structures through Objects}},
year = {2013}
}
