Automatically generated by Mendeley Desktop 1.11
Any changes to this file will be lost if it is regenerated by Mendeley.

BibTeX export options can be customized via Options -> BibTeX in Mendeley Desktop

@article{Kapp2011,
author = {Kapp, Kelli E.},
file = {:E$\backslash$:/Documents/eBooks/mendeley/Kapp/Relationship Maintenance and Facebook/Kapp - 2011 - Relationship Maintenance and Facebook.pdf:pdf},
number = {December},
title = {{Relationship Maintenance and Facebook}},
url = {http://gradworks.umi.com/15/03/1503042.html},
year = {2011}
}
@article{Lampe2012,
author = {Lampe, Cliff and Ellison, Nicole},
doi = {10.1109/MC.2012.324},
file = {:E$\backslash$:/Documents/eBooks/mendeley/Lampe, Ellison/Understanding Facebook Social Computing Isn't 'Just'Social/Lampe, Ellison - 2012 - Understanding Facebook Social Computing Isn't 'Just'Social.pdf:pdf},
journal = {Computer},
number = {9},
pages = {98--100},
title = {{Understanding Facebook: Social Computing Isn't 'Just'Social}},
url = {http://www.acc.ncku.edu.tw/chinese/faculty/shulc/courses/IT\_Competitive\_Advantage/understanding\_facebook.pdf},
volume = {45},
year = {2012}
}
@article{Cheung2011,
author = {Cheung, Christy M.K. and Chiu, Pui-Yee and Lee, Matthew K.O.},
doi = {10.1016/j.chb.2010.07.028},
file = {:E$\backslash$:/Documents/eBooks/mendeley/Cheung, Chiu, Lee/Online Social Networks Why Do Students Use Facebook/Cheung, Chiu, Lee - 2011 - Online Social Networks Why Do Students Use Facebook.pdf:pdf},
issn = {07475632},
journal = {Computers in Human Behavior},
keywords = {online social networks},
month = jul,
number = {4},
pages = {1337--1343},
publisher = {Elsevier Ltd},
title = {{Online Social Networks: Why Do Students Use Facebook?}},
url = {http://linkinghub.elsevier.com/retrieve/pii/S0747563210002244},
volume = {27},
year = {2011}
}
@book{Gaddis2013,
address = {New Jersey},
author = {Gaddis, Tony},
edition = {5th},
file = {:E$\backslash$:/Documents/eBooks/mendeley/Gaddis/Starting Out With Java - From Control Structures through Objects/Gaddis - 2013 - Starting Out With Java - From Control Structures through Objects.pdf:pdf},
isbn = {9780132890380},
keywords = {programming},
mendeley-tags = {programming},
publisher = {Pearson Education},
title = {{Starting Out With Java - From Control Structures through Objects}},
year = {2013}
}
@book{Anderson2002,
author = {Anderson, Ian},
edition = {1st},
file = {:E$\backslash$:/Documents/eBooks/mendeley/Anderson/A First Course in Discrete Mathematics/Anderson - 2002 - A First Course in Discrete Mathematics.pdf:pdf},
isbn = {9781852332365},
keywords = {mathematics},
mendeley-tags = {mathematics},
publisher = {Springer-Verlag},
title = {{A First Course in Discrete Mathematics}},
year = {2002}
}
@article{Park2011,
author = {Park, Namkee and Jin, Borae and {Annie Jin}, Seung-A},
doi = {10.1016/j.chb.2011.05.004},
file = {:E$\backslash$:/Documents/eBooks/mendeley/Park, Jin, Annie Jin/Effects of Self-Disclosure on Relational Intimacy in Facebook/Park, Jin, Annie Jin - 2011 - Effects of Self-Disclosure on Relational Intimacy in Facebook.pdf:pdf},
issn = {07475632},
journal = {Computers in Human Behavior},
month = sep,
number = {5},
pages = {1974--1983},
publisher = {Elsevier Ltd},
title = {{Effects of Self-Disclosure on Relational Intimacy in Facebook}},
url = {http://linkinghub.elsevier.com/retrieve/pii/S0747563211000999},
volume = {27},
year = {2011}
}
@book{Gersting2003,
address = {New York},
author = {Gersting, Judith L. and Dubinsky, Edward},
booktitle = {The American Mathematical Monthly},
doi = {10.2307/2322156},
edition = {5th},
file = {:E$\backslash$:/Documents/eBooks/mendeley/Gersting, Dubinsky/Mathematical Structures for Computer Science/Gersting, Dubinsky - 2003 - Mathematical Structures for Computer Science.pdf:pdf},
isbn = {0716743582},
issn = {00029890},
keywords = {mathematics},
mendeley-tags = {mathematics},
month = jun,
number = {6},
pages = {379},
publisher = {W. H. Freeman \& Company},
title = {{Mathematical Structures for Computer Science}},
url = {http://www.jstor.org/stable/2322156?origin=crossref},
volume = {91},
year = {2003}
}
@book{Hock2010,
address = {New Jersey},
author = {Hock, Randolph},
edition = {3rd},
file = {:E$\backslash$:/Documents/eBooks/mendeley/Hock/The Extreme Searcher's Internet Handbook - A Guide for the Serious Searcher/Hock - 2010 - The Extreme Searcher's Internet Handbook - A Guide for the Serious Searcher.pdf:pdf},
isbn = {9780910965842},
keywords = {research},
mendeley-tags = {research},
publisher = {CyberAge Books},
title = {{The Extreme Searcher's Internet Handbook - A Guide for the Serious Searcher}},
year = {2010}
}
@article{Special2012,
author = {Special, Whitney P. and Li-Barber, Kirsten T.},
doi = {10.1016/j.chb.2011.11.008},
file = {:E$\backslash$:/Documents/eBooks/mendeley/Special, Li-Barber/Self-Disclosure and Student Satisfaction with Facebook/Special, Li-Barber - 2012 - Self-Disclosure and Student Satisfaction with Facebook.pdf:pdf},
issn = {07475632},
journal = {Computers in Human Behavior},
month = mar,
number = {2},
pages = {624--630},
publisher = {Elsevier Ltd},
title = {{Self-Disclosure and Student Satisfaction with Facebook}},
url = {http://linkinghub.elsevier.com/retrieve/pii/S0747563211002524},
volume = {28},
year = {2012}
}
@book{Whitten2007,
address = {New York},
author = {Whitten, Jeffery L. and Bentley, Lonnie D.},
edition = {7th},
file = {:E$\backslash$:/Documents/eBooks/mendeley/Whitten, Bentley/Systems Analysis \& Design Methods/Whitten, Bentley - 2007 - Systems Analysis \& Design Methods.pdf:pdf},
isbn = {9780073052335},
keywords = {system analysis},
mendeley-tags = {system analysis},
publisher = {McGraw-Hill},
title = {{Systems Analysis \& Design Methods}},
year = {2007}
}
@book{Creme2008,
address = {Berkshire},
author = {Creme, Phyllis and Lea, Mary R.},
edition = {3rd},
file = {:E$\backslash$:/Documents/eBooks/mendeley/Creme, Lea/Writing at University - A Guide for Students/Creme, Lea - 2008 - Writing at University - A Guide for Students.pdf:pdf},
isbn = {9780335221165},
keywords = {communication},
mendeley-tags = {communication},
publisher = {McGraw-Hill},
title = {{Writing at University - A Guide for Students}},
year = {2008}
}
@article{Zaremohzzabieh2014,
author = {Zaremohzzabieh, Zeinab and {Abu Samah}, Bahaman and {Zobidah Omar}, Siti and Bolong, Jusang and {Akhtar Kamarudin}, Nurul},
doi = {10.5539/ass.v10n6p107},
file = {:E$\backslash$:/Documents/eBooks/mendeley/Zaremohzzabieh et al/Addictive Facebook Use Among University Students/Zaremohzzabieh et al. - 2014 - Addictive Facebook Use Among University Students.pdf:pdf},
issn = {1911-2025},
journal = {Asian Social Science},
keywords = {addictive behavior,facebook addiction,social network addiction,social networks,university},
month = feb,
number = {6},
pages = {107--117},
title = {{Addictive Facebook Use Among University Students}},
url = {http://www.ccsenet.org/journal/index.php/ass/article/view/34670},
volume = {10},
year = {2014}
}
@book{Weiringa2003,
address = {San Francisco},
author = {Weiringa, R. J.},
edition = {1st},
file = {:E$\backslash$:/Documents/eBooks/mendeley/Weiringa/Design Methods for Reactive Systems - Yourdon, Statemate and the UML/Weiringa - 2003 - Design Methods for Reactive Systems - Yourdon, Statemate and the UML.pdf:pdf},
isbn = {1558607552},
keywords = {system analysis},
mendeley-tags = {system analysis},
publisher = {Morgan Kaufmann Publishers},
title = {{Design Methods for Reactive Systems - Yourdon, Statemate and the UML}},
year = {2003}
}
@book{Grossman2002,
address = {Hampshire},
author = {Grossman, Peter},
edition = {2nd},
file = {:E$\backslash$:/Documents/eBooks/mendeley/Grossman/Discrete Mathematics for Computing/Grossman - 2002 - Discrete Mathematics for Computing.pdf:pdf},
isbn = {0333981111},
keywords = {mathematics},
mendeley-tags = {mathematics},
publisher = {Palgrave MacMillan},
title = {{Discrete Mathematics for Computing}},
year = {2002}
}
@book{Quinn1992,
address = {New York},
author = {Quinn, Jack},
file = {:E$\backslash$:/Documents/eBooks/mendeley/Quinn/The 6800 Microprocessor/Quinn - 1992 - The 6800 Microprocessor.pdf:pdf},
isbn = {0675205158},
keywords = {6800},
mendeley-tags = {6800},
publisher = {Merrill},
title = {{The 6800 Microprocessor}},
year = {1992}
}
@book{Boardman2008,
address = {New York},
author = {Boardman, Cynthia A. and Frydenberg, Jia},
edition = {3rd},
file = {:E$\backslash$:/Documents/eBooks/mendeley/Boardman, Frydenberg/Writing To Communicate 2 - Paragraphs and Essays/Boardman, Frydenberg - 2008 - Writing To Communicate 2 - Paragraphs and Essays.pdf:pdf},
isbn = {9780132351164},
keywords = {communication},
mendeley-tags = {communication},
publisher = {Pearson Education},
title = {{Writing To Communicate 2 - Paragraphs and Essays}},
year = {2008}
}
@article{Rosa2014,
author = {Rosa, GAM e and dos Santos, BR},
file = {:E$\backslash$:/Documents/eBooks/mendeley/Rosa, Santos/Who Am I On Facebook Usage and Motivation Through User Eyes/Rosa, Santos - 2014 - Who Am I On Facebook Usage and Motivation Through User Eyes.pdf:pdf},
journal = {davidpublishing.com},
keywords = {contemporary world,facebook,identity,motivation,usage},
number = {1},
pages = {60--73},
title = {{Who Am I On Facebook? Usage and Motivation Through User Eyes}},
url = {http://www.davidpublishing.com/davidpublishing/Upfile/2/17/2014/2014021782958793.pdf},
volume = {4},
year = {2014}
}
@book{Haggard2006,
author = {Haggard, Gary and Schlipf, John and Whitesides, Sue},
edition = {1st},
file = {:E$\backslash$:/Documents/eBooks/mendeley/Haggard, Schlipf, Whitesides/Discrete Mathematics for Computer Science/Haggard, Schlipf, Whitesides - 2006 - Discrete Mathematics for Computer Science.pdf:pdf},
isbn = {053449501X},
keywords = {mathematics},
mendeley-tags = {mathematics},
publisher = {Thomson Brooks/Cole},
title = {{Discrete Mathematics for Computer Science}},
year = {2006}
}
@book{Maciaszek2007,
address = {Essex},
author = {Maciaszek, Leszek A.},
edition = {3rd},
file = {:E$\backslash$:/Documents/eBooks/mendeley/Maciaszek/Requirements Analysis and System Design/Maciaszek - 2007 - Requirements Analysis and System Design.pdf:pdf},
isbn = {9780321440365},
keywords = {system analysis},
mendeley-tags = {system analysis},
publisher = {Pearson Education},
title = {{Requirements Analysis and System Design}},
year = {2007}
}
@phdthesis{Zhang2005,
author = {Zhang, Xueying},
file = {:E$\backslash$:/Documents/eBooks/mendeley/Zhang/Facebook Users' Experience and Attitude Toward Facebook Ads/Zhang - 2005 - Facebook Users' Experience and Attitude Toward Facebook Ads.pdf:pdf},
school = {Oklahoma State University},
title = {{Facebook Users' Experience and Attitude Toward Facebook Ads}},
url = {http://gradworks.umi.com/15/42/1542251.html},
year = {2005}
}
@article{Quan-Haase2010,
author = {Quan-Haase, Anabel and Young, Alyson L.},
doi = {10.1177/0270467610380009},
file = {:E$\backslash$:/Documents/eBooks/mendeley/Quan-Haase, Young/Uses and Gratifications of Social Media A Comparison of Facebook and Instant Messaging/Quan-Haase, Young - 2010 - Uses and Gratifications of Social Media A Comparison of Facebook and Instant Messaging.pdf:pdf},
isbn = {0270467610},
issn = {0270-4676},
journal = {Bulletin of Science, Technology \& Society},
keywords = {facebook,gratifications in social media,instant messaging,social network sites,understanding uses and,university students,uses and gratifications},
month = sep,
number = {5},
pages = {350--361},
title = {{Uses and Gratifications of Social Media: A Comparison of Facebook and Instant Messaging}},
url = {http://bst.sagepub.com/cgi/doi/10.1177/0270467610380009},
volume = {30},
year = {2010}
}
@unpublished{Collins-Cope,
author = {Collins-Cope, Mark},
file = {:E$\backslash$:/Documents/eBooks/mendeley/Collins-Cope/Object Oriented Analysis and Design Using UML/Collins-Cope - Unknown - Object Oriented Analysis and Design Using UML.pdf:pdf},
title = {{Object Oriented Analysis and Design Using UML}}
}
@article{SZ2011,
author = {SZ, SS and Omar, SZ and Bolong, J and Osman, MN},
file = {:E$\backslash$:/Documents/eBooks/mendeley/SZ et al/Facebook Addiction Among Female University Students/SZ et al. - 2011 - Facebook Addiction Among Female University Students.pdf:pdf},
journal = {Revista De Administratie \ldots},
title = {{Facebook Addiction Among Female University Students}},
url = {http://revad.uvvg.ro/files/nr7/10. sharifah.pdf},
year = {2011}
}
@article{Brasileira2014,
author = {Brasileira, Revista and Cient, Editor and Lam, Bandeira De and Avalia, Freire and Review, Double Blind and Revis, O J S},
doi = {10.5585/remark.v13i1.2584},
file = {:E$\backslash$:/Documents/eBooks/mendeley/Brasileira et al/When The User Becomes a Publicist Motivations for EWOM on Facebook/Brasileira et al. - 2014 - When The User Becomes a Publicist Motivations for EWOM on Facebook.pdf:pdf},
keywords = {deborah do esp\'{\i}rito santo,ewom,facebook,maria t,marketing,motivations,s behavior,serra 1,social networks,soto-sanfiel 2,user,uses and gratifications},
pages = {1--17},
title = {{When The User Becomes a Publicist : Motivations for EWOM on Facebook}},
volume = {13},
year = {2014}
}
@book{Anderson2011,
address = {Boston},
author = {Anderson, Paul V.},
edition = {7th},
file = {:E$\backslash$:/Documents/eBooks/mendeley/Anderson/Technical Communication - A Reader Centered Approach/Anderson - 2011 - Technical Communication - A Reader Centered Approach.pdf:pdf},
isbn = {9781428263932},
keywords = {communication},
mendeley-tags = {communication},
publisher = {Wadsworth Cengage Learning},
title = {{Technical Communication - A Reader Centered Approach}},
year = {2011}
}
@article{Baek2011,
author = {Baek, Kanghui and Holton, Avery and Harp, Dustin and Yaschur, Carolyn},
doi = {10.1016/j.chb.2011.07.003},
file = {:E$\backslash$:/Documents/eBooks/mendeley/Baek et al/The Links That Bind Uncovering Novel Motivations for Linking on Facebook/Baek et al. - 2011 - The Links That Bind Uncovering Novel Motivations for Linking on Facebook.pdf:pdf},
issn = {07475632},
journal = {Computers in Human Behavior},
month = nov,
number = {6},
pages = {2243--2248},
publisher = {Elsevier Ltd},
title = {{The Links That Bind: Uncovering Novel Motivations for Linking on Facebook}},
url = {http://linkinghub.elsevier.com/retrieve/pii/S0747563211001415},
volume = {27},
year = {2011}
}
@book{Patterson2009,
address = {Burlington},
author = {Patterson, David A. and Hennessy, John L.},
edition = {4th},
file = {:E$\backslash$:/Documents/eBooks/mendeley/Patterson, Hennessy/Computer Organization and Design - The Hardware Software Interface/Patterson, Hennessy - 2009 - Computer Organization and Design - The Hardware Software Interface.pdf:pdf},
isbn = {9780123744937},
publisher = {Morgan Kaufmann Publishers},
title = {{Computer Organization and Design - The Hardware Software Interface}},
year = {2009}
}
@book{Yeates2004,
address = {Essex},
author = {Yeates, Donald and Wakefield, Tony},
edition = {2nd},
file = {:E$\backslash$:/Documents/eBooks/mendeley/Yeates, Wakefield/System Analysis and Design/Yeates, Wakefield - 2004 - System Analysis and Design.pdf:pdf},
isbn = {9780273655367},
keywords = {system analysis},
mendeley-tags = {system analysis},
publisher = {Prentice Hall},
title = {{System Analysis and Design}},
year = {2004}
}
@article{Alemdar2013,
author = {Alemdar, Mine Yeniceri and K\"{o}ker, Nahit Erdem},
doi = {10.5901/mjss.2013.v4n11p238},
file = {:E$\backslash$:/Documents/eBooks/mendeley/Alemdar, K\"{o}ker/Facebook Use and Gratıfıcatıons A Study Directed to Determining the Facebook Usage of Generations X and Y in Turkey/Alemdar, K\"{o}ker - 2013 - Facebook Use and Gratıfıcatıons A Study Directed to Determining th.pdf:pdf},
issn = {20399340},
journal = {Mediterranean Journal of Social Sciences},
keywords = {facebook,generations x and y,sns usage mativations},
month = oct,
number = {11},
pages = {238--250},
title = {{Facebook Use and Gratıfıcatıons: A Study Directed to Determining the Facebook Usage of Generations X and Y in Turkey}},
url = {http://www.mcser.org/journal/index.php/mjss/article/view/1293},
volume = {4},
year = {2013}
}
