Automatically generated by Mendeley Desktop 1.14
Any changes to this file will be lost if it is regenerated by Mendeley.

BibTeX export options can be customized via Options -> BibTeX in Mendeley Desktop

@book{Nair2015,
address = {Birmingham},
author = {Nair, Suryakumar Balakrishnan and Oehlke, Andreas},
edition = {2nd},
file = {:E$\backslash$:/Documents/eBooks/mendeley/Nair, Oehlke/Learning Libgdx Game Development/Nair, Oehlke - 2015 - Learning Libgdx Game Development.pdf:pdf},
isbn = {9781783554775},
title = {{Learning Libgdx Game Development}},
year = {2015}
}
@book{Bose2014,
address = {Birmingham},
author = {Bose, Juwal},
file = {:E$\backslash$:/Documents/eBooks/mendeley/Bose/Game Development Essentials/Bose - 2014 - Game Development Essentials.pdf:pdf},
isbn = {9781782166047},
publisher = {Packt Publishing},
title = {{Game Development Essentials}},
year = {2014}
}
