Automatically generated by Mendeley Desktop 1.14
Any changes to this file will be lost if it is regenerated by Mendeley.

BibTeX export options can be customized via Options -> BibTeX in Mendeley Desktop

@misc{Basha2001,
author = {Basha, Ahmad},
title = {{Open-Source versus Closed-Source Sytems}},
url = {http://www.enderunix.org/docs/opensource\_vs\_closedsource.html},
urldate = {2015-04-30},
year = {2001}
}
@misc{Manocha1999,
author = {Manocha, Harsh},
title = {{Protection: Bell-Lapadula Model}},
url = {http://courses.cs.vt.edu/~cs5204/fall99/protection/harsh/},
urldate = {2015-04-30},
year = {1999}
}
@misc{Maniscalchi2010,
author = {Maniscalchi, Jago},
title = {{Information Security Models for Confidentiality and Integrity | Digital Threat}},
url = {http://www.digitalthreat.net/2010/05/information-security-models-for-confidentiality-and-integrity/},
urldate = {2015-04-30},
year = {2010}
}
@inproceedings{Iyengar2007,
author = {Iyengar, Kishen and Sachdev, Vishal and Raja, M K},
booktitle = {Swdsi 2007},
file = {:E$\backslash$:/Documents/eBooks/mendeley/Iyengar, Sachdev, Raja/A Security Comparison of Open-Source and Closed-source Operating Systems/Iyengar, Sachdev, Raja - 2007 - A Security Comparison of Open-Source and Closed-source Operating Systems.pdf:pdf},
keywords = {open-source,security},
number = {6/12/2012},
pages = {236--242},
title = {{A Security Comparison of Open-Source and Closed-source Operating Systems}},
url = {http://www.swdsi.org/swdsi07/2007\_proceedings/papers/236.pdf},
volume = {2012},
year = {2007}
}
