Automatically generated by Mendeley Desktop 1.13.6
Any changes to this file will be lost if it is regenerated by Mendeley.

BibTeX export options can be customized via Options -> BibTeX in Mendeley Desktop

@incollection{Canas2005,
address = {Heidelberg, NY},
author = {Ca\~{n}as, Alberto J. and Carff, Roger and Hill, Greg and Carvalho, Marco and Arguedas, Marco and Eskridge, Thomas C. and Lott, James and Carvajal, Rodrigo},
booktitle = {Knowledge and information visualization: Searching for synergies},
editor = {Tergan, Sigmar-Olaf and Keller, Tanja},
file = {:E$\backslash$:/Documents/eBooks/mendeley/Ca\~{n}as et al/Concept maps Integrating knowledge and information visualization/Ca\~{n}as et al. - 2005 - Concept maps Integrating knowledge and information visualization.pdf:pdf},
isbn = {9783540269212},
pages = {205--219},
publisher = {Springer Lecture Notes in Computer Science},
title = {{Concept maps: Integrating knowledge and information visualization}},
year = {2005}
}
@article{Hwang2011,
author = {Hwang, Gwo-Jen and Shi, Yen-Ru and Chu, Hui-Chun},
doi = {10.1111/j.1467-8535.2010.01102.x},
file = {:E$\backslash$:/Documents/eBooks/mendeley/Hwang, Shi, Chu/A concept map approach to developing collaborative Mindtools for context-aware ubiquitous learning/Hwang, Shi, Chu - 2011 - A concept map approach to developing collaborative Mindtools for context-aware ub.pdf:pdf},
issn = {00071013},
journal = {British Journal of Educational Technology},
month = sep,
number = {5},
pages = {778--789},
title = {{A concept map approach to developing collaborative Mindtools for context-aware ubiquitous learning}},
url = {http://doi.wiley.com/10.1111/j.1467-8535.2010.01102.x},
volume = {42},
year = {2011}
}
@misc{Novak2006,
author = {Novak, Joseph D. and Ca\~{n}as, Alberto J.},
booktitle = {Institute for Human and Machine Cognition},
title = {{The Theory Underlying Concept Maps and How to Construct and Use Them}},
url = {http://cmap.ihmc.us/Publications/ResearchPapers/TheoryCmaps/TheoryUnderlyingConceptMaps.htm},
urldate = {2014-08-23},
year = {2006}
}
@article{Bolin2006,
author = {Bolin, Aaron U.},
doi = {10.1002/pfi.2006.4930450706},
file = {:E$\backslash$:/Documents/eBooks/mendeley/Bolin/Got tools Concept map/Bolin - 2006 - Got tools Concept map.pdf:pdf},
issn = {1090-8811},
journal = {Performance Improvement},
month = aug,
number = {7},
pages = {28--29},
title = {{Got tools? Concept map}},
url = {http://doi.wiley.com/10.1002/pfi.2006.4930450706},
volume = {45},
year = {2006}
}
@article{Rodriguez-Priego2013,
author = {Rodriguez-Priego, E. and Garcia-Izquierdo, F. J. and Rubio, a. L.},
doi = {10.1177/0165551513487848},
file = {:E$\backslash$:/Documents/eBooks/mendeley/Rodriguez-Priego, Garcia-Izquierdo, Rubio/References-enriched Concept Map a tool for collecting and comparing disparate definitions appearing in multiple references/Rodriguez-Priego, Garcia-Izquierdo, Rubio - 2013 - Refer.pdf:pdf},
issn = {0165-5515},
journal = {Journal of Information Science},
month = may,
number = {6},
pages = {789--804},
title = {{References-enriched Concept Map: a tool for collecting and comparing disparate definitions appearing in multiple references}},
url = {http://jis.sagepub.com/cgi/doi/10.1177/0165551513487848},
volume = {39},
year = {2013}
}
@article{Hilbert2009,
author = {Hilbert, Tatjana S. and Renkl, Alexander},
doi = {10.1016/j.chb.2008.12.006},
file = {:E$\backslash$:/Documents/eBooks/mendeley/Hilbert, Renkl/Learning how to use a computer-based concept-mapping tool Self-explaining examples helps/Hilbert, Renkl - 2009 - Learning how to use a computer-based concept-mapping tool Self-explaining examples helps.pdf:pdf},
issn = {07475632},
journal = {Computers in Human Behavior},
keywords = {cognitive load theory},
month = mar,
number = {2},
pages = {267--274},
publisher = {Elsevier Ltd},
title = {{Learning how to use a computer-based concept-mapping tool: Self-explaining examples helps}},
url = {http://linkinghub.elsevier.com/retrieve/pii/S0747563208002173},
volume = {25},
year = {2009}
}
