Automatically generated by Mendeley Desktop 1.13.6
Any changes to this file will be lost if it is regenerated by Mendeley.

BibTeX export options can be customized via Options -> BibTeX in Mendeley Desktop

@book{Goodrich2010,
address = {New York},
author = {Goodrich, Michael T. and Tamassia, Roberto},
edition = {5th},
file = {:E$\backslash$:/Documents/eBooks/mendeley/Goodrich, Tamassia/Data Structures and Algorithms in Java/Goodrich, Tamassia - 2010 - Data Structures and Algorithms in Java.pdf:pdf},
isbn = {9780672324536},
pages = {710},
publisher = {John Wiley \& Sons},
title = {{Data Structures and Algorithms in Java}},
year = {2010}
}
@book{Goodrich2014,
address = {New York},
author = {Goodrich, Michael T. and Tamassia, Roberto},
edition = {6th},
file = {:E$\backslash$:/Documents/eBooks/mendeley/Goodrich, Tamassia/Data Structures and Algorithms in Java/Goodrich, Tamassia - 2014 - Data Structures and Algorithms in Java.pdf:pdf},
isbn = {9781118803141},
pages = {736},
publisher = {John Wiley \& Sons},
title = {{Data Structures and Algorithms in Java}},
year = {2014}
}
