Automatically generated by Mendeley Desktop 1.14
Any changes to this file will be lost if it is regenerated by Mendeley.

BibTeX export options can be customized via Options -> BibTeX in Mendeley Desktop

@misc{Wikipedia2015b,
author = {Wikipedia},
title = {{Static memory allocation}},
url = {https://en.wikipedia.org/wiki/Static\_memory\_allocation},
urldate = {2015-08-10},
year = {2015}
}
@misc{Microsoft2010,
author = {Microsoft},
keywords = {kbsurveynew kbinfo kbhowto kbexpertiseadvanced KB2},
title = {{RAM, virtual memory, pagefile, and memory management in Windows}},
url = {https://support.microsoft.com/en-us/kb/2160852},
urldate = {2015-08-10},
year = {2010}
}
@misc{Wikipedia2015,
annote = {Check references, probably good stuff there for assignment.},
author = {Wikipedia},
title = {{Virtual memory}},
url = {https://en.wikipedia.org/wiki/Virtual\_memory},
urldate = {2015-08-10},
year = {2015}
}
@misc{Wikipedia2015a,
annote = {Check references, probably good stuff there for assignment.},
author = {Wikipedia},
title = {{Memory management}},
url = {https://en.wikipedia.org/wiki/Memory\_management},
urldate = {2015-08-10},
year = {2015}
}
