Automatically generated by Mendeley Desktop 1.13.8
Any changes to this file will be lost if it is regenerated by Mendeley.

BibTeX export options can be customized via Options -> BibTeX in Mendeley Desktop

@misc{Ferragamo2014,
author = {Ferragamo, Jeremy and Weilin, Zhong and Wichers, Dave and Manico, Jim},
booktitle = {owasp.org},
title = {{Buffer Overflow - OWASP}},
url = {https://www.owasp.org/index.php/Buffer\_Overflow},
urldate = {2015-04-01},
year = {2014}
}
@misc{Schwarz2004,
author = {Schwarz, Thomas},
title = {{Buffer Overflow Attack}},
url = {http://www.cse.scu.edu/~tschwarz/coen152\_05/Lectures/BufferOverflow.html},
urldate = {2015-05-06},
year = {2004}
}
@article{One1996,
author = {One, Alex},
journal = {Phrack},
number = {49},
pages = {14},
title = {{Smashing the Stack for Fun and Profit by Aleph One}},
url = {http://phrack.org/issues/49/14.html\#article},
volume = {7},
year = {1996}
}
@misc{Rosiello2004,
author = {Rosiello, Angelo},
file = {:E$\backslash$:/Documents/eBooks/mendeley/Rosiello/The Basics of Shellcoding/Rosiello - 2004 - The Basics of Shellcoding.pdf:pdf},
title = {{The Basics of Shellcoding}},
url = {http://www.infosecwriters.com/text\_resources/pdf/basics\_of\_shellcoding.pdf},
urldate = {2015-05-06},
year = {2004}
}
