Automatically generated by Mendeley Desktop 1.13.6
Any changes to this file will be lost if it is regenerated by Mendeley.

BibTeX export options can be customized via Options -> BibTeX in Mendeley Desktop

@book{Goodrich2011,
address = {Boston},
author = {Goodrich, Michael T and Tamassia, Roberto},
isbn = {0321512944, 9780321512949},
keywords = {Computer security},
publisher = {Pearson},
title = {{Introduction to computer security}},
year = {2011}
}
