Automatically generated by Mendeley Desktop 1.13.6
Any changes to this file will be lost if it is regenerated by Mendeley.

BibTeX export options can be customized via Options -> BibTeX in Mendeley Desktop

@misc{Selinger2006,
author = {Selinger, Peter},
title = {{Peter Selinger: MD5 Collision Demo}},
url = {http://www.mathstat.dal.ca/~selinger/md5collision/},
urldate = {2015-03-25},
year = {2006}
}
@misc{Friedl2004,
author = {Friedl, Steve},
title = {{An Illustrated Guide to Cryptographic Hashes}},
url = {http://www.unixwiz.net/techtips/iguide-crypto-hashes.html},
urldate = {2015-03-25},
year = {2004}
}
