Automatically generated by Mendeley Desktop 1.13.4
Any changes to this file will be lost if it is regenerated by Mendeley.

BibTeX export options can be customized via Options -> BibTeX in Mendeley Desktop

@book{Grossman2002,
address = {Hampshire},
author = {Grossman, Peter},
edition = {2nd},
file = {:E$\backslash$:/Documents/eBooks/mendeley/Grossman/Discrete Mathematics for Computing/Grossman - 2002 - Discrete Mathematics for Computing.pdf:pdf},
isbn = {0333981111},
keywords = {mathematics},
mendeley-tags = {mathematics},
publisher = {Palgrave MacMillan},
title = {{Discrete Mathematics for Computing}},
year = {2002}
}
@book{Anderson2002,
author = {Anderson, Ian},
edition = {1st},
file = {:E$\backslash$:/Documents/eBooks/mendeley/Anderson/A First Course in Discrete Mathematics/Anderson - 2002 - A First Course in Discrete Mathematics.pdf:pdf},
isbn = {9781852332365},
keywords = {mathematics},
mendeley-tags = {mathematics},
publisher = {Springer-Verlag},
title = {{A First Course in Discrete Mathematics}},
year = {2002}
}
@book{Gersting2003,
address = {New York},
author = {Gersting, Judith L. and Dubinsky, Edward},
booktitle = {The American Mathematical Monthly},
doi = {10.2307/2322156},
edition = {5th},
file = {:E$\backslash$:/Documents/eBooks/mendeley/Gersting, Dubinsky/Mathematical Structures for Computer Science/Gersting, Dubinsky - 2003 - Mathematical Structures for Computer Science.pdf:pdf},
isbn = {0716743582},
issn = {00029890},
keywords = {mathematics},
mendeley-tags = {mathematics},
month = jun,
number = {6},
pages = {379},
publisher = {W. H. Freeman \& Company},
title = {{Mathematical Structures for Computer Science}},
url = {http://www.jstor.org/stable/2322156?origin=crossref},
volume = {91},
year = {2003}
}
@book{Quinn1992,
address = {New York},
author = {Quinn, Jack},
file = {:E$\backslash$:/Documents/eBooks/mendeley/Quinn/The 6800 Microprocessor/Quinn - 1992 - The 6800 Microprocessor.pdf:pdf},
isbn = {0675205158},
keywords = {6800},
mendeley-tags = {6800},
publisher = {Merrill},
title = {{The 6800 Microprocessor}},
year = {1992}
}
@book{Patterson2009,
address = {Burlington},
author = {Patterson, David A. and Hennessy, John L.},
edition = {4th},
file = {:E$\backslash$:/Documents/eBooks/mendeley/Patterson, Hennessy/Computer Organization and Design - The Hardware Software Interface/Patterson, Hennessy - 2009 - Computer Organization and Design - The Hardware Software Interface.pdf:pdf},
isbn = {9780123744937},
publisher = {Morgan Kaufmann Publishers},
title = {{Computer Organization and Design - The Hardware Software Interface}},
year = {2009}
}
@book{Haggard2006,
author = {Haggard, Gary and Schlipf, John and Whitesides, Sue},
edition = {1st},
file = {:E$\backslash$:/Documents/eBooks/mendeley/Haggard, Schlipf, Whitesides/Discrete Mathematics for Computer Science/Haggard, Schlipf, Whitesides - 2006 - Discrete Mathematics for Computer Science.pdf:pdf},
isbn = {053449501X},
keywords = {mathematics},
mendeley-tags = {mathematics},
publisher = {Thomson Brooks/Cole},
title = {{Discrete Mathematics for Computer Science}},
year = {2006}
}
