Automatically generated by Mendeley Desktop 1.13.4
Any changes to this file will be lost if it is regenerated by Mendeley.

BibTeX export options can be customized via Options -> BibTeX in Mendeley Desktop

@misc{Ozkan2009,
author = {Ozkan, Serkan},
booktitle = {CVE Details},
keywords = {cve,cvss,cwe,exploit,information security,nvd,security,security vulnerability,vulnerability,vulnerability database},
title = {{Openoffice Openoffice.org version 1.1.5 : Security vulnerabilities}},
url = {http://www.cvedetails.com/vulnerability-list/vendor\_id-1510/product\_id-12908/version\_id-59221/Openoffice-Openoffice.org-1.1.5.html},
urldate = {2015-02-27},
year = {2009}
}
@misc{Microsoft2015,
author = {Microsoft},
booktitle = {Microsoft},
title = {{Microsoft Support Lifecycle}},
url = {http://support.microsoft.com/lifecycle/search/default.aspx?alpha=Vista},
urldate = {2015-02-27},
year = {2015}
}
@misc{Ozkan2015a,
author = {Ozkan, Serkan},
booktitle = {CVE Details},
keywords = {cve,cvss,cwe,exploit,information security,nvd,security,security vulnerability,vulnerability,vulnerability database},
title = {{Microsoft Windows Vista : List of security vulnerabilities}},
url = {http://www.cvedetails.com/vulnerability-list/vendor\_id-26/product\_id-9591/Microsoft-Windows-Vista.html},
urldate = {2015-02-27},
year = {2015}
}
@misc{Microsoft2014,
author = {Microsoft},
booktitle = {Microsoft},
title = {{Windows lifecycle fact sheet - Windows Help}},
url = {http://windows.microsoft.com/en-au/windows/lifecycle},
urldate = {2015-02-27},
year = {2014}
}
@misc{Ozkan2011,
author = {Ozkan, Serkan},
booktitle = {CVE Details},
keywords = {cve,cvss,cwe,exploit,information security,nvd,security,security vulnerability,vulnerability,vulnerability database},
title = {{Adobe Acrobat version 6.0.1 : Security vulnerabilities}},
url = {http://www.cvedetails.com/vulnerability-list/vendor\_id-53/product\_id-921/version\_id-14559/Adobe-Acrobat-6.0.1.html},
urldate = {2015-02-27},
year = {2011}
}
@misc{Ozkan2015b,
author = {Ozkan, Serkan},
booktitle = {CVE Details},
keywords = {cve,cvss,cwe,exploit,information security,nvd,security,security vulnerability,vulnerability,vulnerability database},
title = {{Microsoft Internet Explorer version 7 : Security vulnerabilities}},
url = {http://www.cvedetails.com/vulnerability-list/vendor\_id-26/product\_id-9900/version\_id-53823/Microsoft-Internet-Explorer-7.html},
urldate = {2015-02-27},
year = {2015}
}
