Automatically generated by Mendeley Desktop 1.14
Any changes to this file will be lost if it is regenerated by Mendeley.

BibTeX export options can be customized via Options -> BibTeX in Mendeley Desktop

@book{Walther2008,
author = {Walther, Stephen},
file = {:E$\backslash$:/Documents/eBooks/mendeley/Walther/ASP.NET 3.5 Unleashed/Walther - 2008 - ASP.NET 3.5 Unleashed.pdf:pdf},
isbn = {9780672330117},
publisher = {Sams Publishing},
title = {{ASP.NET 3.5 Unleashed}},
year = {2008}
}
@book{Walther2002,
author = {Walther, Stephen},
file = {:E$\backslash$:/Documents/eBooks/mendeley/Walther/ASP.NET Unleashed/Walther - 2002 - ASP.NET Unleashed.pdf:pdf},
isbn = {0672320681},
publisher = {Sams Publishing},
title = {{ASP.NET Unleashed}},
year = {2002}
}
@book{McConnell2004,
address = {Redmond},
author = {McConnell, Steve},
edition = {2nd},
file = {:E$\backslash$:/Documents/eBooks/mendeley/McConnell/Code Complete A Practical Handbook of Software Construction/McConnell - 2004 - Code Complete A Practical Handbook of Software Construction.pdf:pdf},
isbn = {0735619670},
publisher = {Microsoft Press},
title = {{Code Complete: A Practical Handbook of Software Construction}},
year = {2004}
}
@book{Boehm2008,
author = {Boehm, Anne and Murach, Joel},
file = {:E$\backslash$:/Documents/eBooks/mendeley/Boehm, Murach/Murach's ASP.NET 3.5 Web Programming with C\# 2008/Boehm, Murach - 2008 - Murach's ASP.NET 3.5 Web Programming with C\# 2008.pdf:pdf},
isbn = {9781890774486},
publisher = {Mike Murach \& Associates},
title = {{Murach's ASP.NET 3.5 Web Programming with C\# 2008}},
year = {2008}
}
@book{Mitchell2010,
address = {Indianapolis},
author = {Mitchell, Scott},
file = {:E$\backslash$:/Documents/eBooks/mendeley/Mitchell/Sams Teach Yourself ASP.NET 4 in 24 Hours Complete Starter Kit/Mitchell - 2010 - Sams Teach Yourself ASP.NET 4 in 24 Hours Complete Starter Kit.pdf:pdf},
isbn = {9780672333057},
publisher = {Sams Publishing},
title = {{Sams Teach Yourself ASP.NET 4 in 24 Hours: Complete Starter Kit}},
year = {2010}
}
