Automatically generated by Mendeley Desktop 1.14
Any changes to this file will be lost if it is regenerated by Mendeley.

BibTeX export options can be customized via Options -> BibTeX in Mendeley Desktop

@book{Goodrich2014,
address = {New York},
author = {Goodrich, Michael T. and Tamassia, Roberto},
edition = {6th},
file = {:E$\backslash$:/Documents/eBooks/mendeley/Goodrich, Tamassia/Data Structures and Algorithms in Java/Goodrich, Tamassia - 2014 - Data Structures and Algorithms in Java.pdf:pdf},
isbn = {9781118803141},
pages = {736},
publisher = {John Wiley \& Sons},
title = {{Data Structures and Algorithms in Java}},
year = {2014}
}
@book{Watt2001,
address = {New York},
author = {Watt, David A. and Brown, Deryck F.},
edition = {1st},
file = {:E$\backslash$:/Documents/eBooks/mendeley/Watt, Brown/Java Collections - An Introduction to Abstract Data Types, Data Structures and Algorithms/Watt, Brown - 2001 - Java Collections - An Introduction to Abstract Data Types, Data Structures and Algorithms.pdf:pdf},
isbn = {9780471899785},
publisher = {John Wiley \& Sons},
title = {{Java Collections - An Introduction to Abstract Data Types, Data Structures and Algorithms}},
year = {2001}
}
@misc{Flaschen2014,
author = {Flaschen, Matthew},
title = {{Finding height in Binary Search Tree - Stack Overflow [Online forum comment]}},
url = {http://stackoverflow.com/questions/2597637/finding-height-in-binary-search-tree/2597650\#2597650},
urldate = {2015-05-03},
year = {2014}
}
