Automatically generated by Mendeley Desktop 1.13.4
Any changes to this file will be lost if it is regenerated by Mendeley.

BibTeX export options can be customized via Options -> BibTeX in Mendeley Desktop

@misc{Bright2010,
author = {Bright, Peter},
booktitle = {Ars Technica},
title = {{4chan rushes to WikiLeaks’ defense, forces Swiss banking site offline | Ars Technica}},
url = {http://arstechnica.com/tech-policy/2010/12/4chan-rushes-to-wikileaks-defense-forces-swiss-banking-site-offline/},
urldate = {2015-02-25},
year = {2010}
}
@misc{Grisham2015,
annote = {Tutorial 1: Confidentiality},
author = {Grisham, Lori},
booktitle = {USA Today},
title = {{Timeline: North Korea and the Sony Pictures hack}},
url = {http://www.usatoday.com/story/news/nation-now/2014/12/18/sony-hack-timeline-interview-north-korea/20601645/},
urldate = {2015-02-25},
year = {2015}
}
@book{Goodrich2010,
address = {New York},
author = {Goodrich, Michael T. and Tamassia, Roberto},
edition = {5th},
file = {:E$\backslash$:/Documents/eBooks/mendeley/Goodrich, Tamassia/Data Structures and Algorithms in Java/Goodrich, Tamassia - 2010 - Data Structures and Algorithms in Java.pdf:pdf},
isbn = {9780672324536},
pages = {710},
publisher = {John Wiley \& Sons},
title = {{Data Structures and Algorithms in Java}},
year = {2010}
}
@misc{Gross2014,
annote = {Tutorial 1: Confidentiality},
author = {Gross, Grant},
booktitle = {Infoworld},
title = {{Update: Target now says up to 110 million affected by data breach | InfoWorld}},
url = {http://www.infoworld.com/article/2609239/data-security/update--target-now-says-up-to-110-million-affected-by-data-breach.html},
urldate = {2015-02-25},
year = {2014}
}
@misc{Anderson2010a,
author = {Anderson, Nate},
booktitle = {Ars Technica},
title = {{4chan tries to change life “OUTSIDE the basement” via DDoS attacks | Ars Technica}},
url = {http://arstechnica.com/tech-policy/2010/09/4chan-tries-to-change-life-outside-the-basement-via-ddos-attacks/},
urldate = {2015-02-25},
year = {2010}
}
@misc{Goodin2015,
annote = {Tutorial 1: Confidentiality},
author = {Goodin, Dan},
booktitle = {Ars Technica},
title = {{Lenovo PCs ship with man-in-the-middle adware that breaks HTTPS connections [Updated] | Ars Technica}},
url = {http://arstechnica.com/security/2015/02/lenovo-pcs-ship-with-man-in-the-middle-adware-that-breaks-https-connections/},
urldate = {2015-02-25},
year = {2015}
}
@book{Goodrich2014,
address = {New York},
author = {Goodrich, Michael T. and Tamassia, Roberto},
edition = {6th},
file = {:E$\backslash$:/Documents/eBooks/mendeley/Goodrich, Tamassia/Data Structures and Algorithms in Java/Goodrich, Tamassia - 2014 - Data Structures and Algorithms in Java.pdf:pdf},
isbn = {9781118803141},
pages = {736},
publisher = {John Wiley \& Sons},
title = {{Data Structures and Algorithms in Java}},
year = {2014}
}
@misc{Poulsen2011,
author = {Poulsen, Kevin},
booktitle = {Wired.com},
keywords = {Wired Blogs,Wired News,Wired.com,culture,electronics,gadgets,gizmos,politics,reviews,science,tech,tech news,technology},
title = {{Hacktivists Scorch PBS in Retaliation for WikiLeaks Documentary}},
url = {http://www.wired.com/2011/05/lulzsec/},
urldate = {2015-02-25},
year = {2011}
}
@misc{Ribeiro2013,
annote = {Tutorial 1: Confidentiality},
author = {Ribeiro, John},
booktitle = {Infoworld},
title = {{Target says 40 million cards likely skimmed in security breach | InfoWorld}},
url = {http://www.infoworld.com/article/2609317/hacking/target-says-40-million-cards-likely-skimmed-in-security-breach.html},
urldate = {2015-02-25},
year = {2013}
}
@misc{Anderson2010b,
author = {Anderson, Nate},
booktitle = {Ars Technica},
title = {{“Operation Payback” attacks to go on until “we stop being angry” | Ars Technica}},
url = {http://arstechnica.com/tech-policy/2010/09/operation-payback-attacks-continue-until-we-stop-being-angry/},
urldate = {2015-02-25},
year = {2010}
}
@misc{Perlroth2013,
annote = {Tutorial 1: Availability},
author = {Perlroth, Nicole and Hardy, Quentin},
booktitle = {New York Times},
keywords = {Banking and Financial Institutions,Cloud Computing,Cyberwarfare,Data Centers,Iran},
title = {{Online Banking Attacks Were Work of Iran, U.S. Officials Say - NYTimes.com}},
url = {http://www.nytimes.com/2013/01/09/technology/online-banking-attacks-were-work-of-iran-us-officials-say.html?\_r=0},
urldate = {2015-02-25},
year = {2013}
}
