Automatically generated by Mendeley Desktop 1.13.8
Any changes to this file will be lost if it is regenerated by Mendeley.

BibTeX export options can be customized via Options -> BibTeX in Mendeley Desktop

@misc{MicrosoftSupportLifecycle,
author = {Microsoft},
booktitle = {Microsoft},
title = {{Microsoft Support Lifecycle}},
url = {http://support.microsoft.com/lifecycle/search/default.aspx?alpha=Vista},
urldate = {2015-02-27},
year = {2015}
}
@article{Baker2008,
abstract = {Data breaches. You’ve gleaned all you can from the headlines; now you have access to information directly from the investigator’s casebook. The 2008 Data Breach Investigations Report draws from over 500 forensic engagements handled by the Verizon Business Investigative Response team over a four-year period. Tens of thousands of data points weave together the stories and statistics from compromise victims around the world. What valuable insights can your organization learn from them.},
author = {Baker, Wade H. and Hylender, C. David and Valentine, J. Andrew},
file = {:E$\backslash$:/Documents/eBooks/mendeley/Baker, Hylender, Valentine/2008 Data Breach Investigations Report/Baker, Hylender, Valentine - 2008 - 2008 Data Breach Investigations Report.pdf:pdf},
isbn = {1001001010011},
keywords = {digital forensics,digital investigation},
pages = {1--29},
title = {{2008 Data Breach Investigations Report}},
year = {2008}
}
@misc{OConnor2008,
author = {O'Connor, Edna},
keywords = {DTrace,EIS,Live Upgrade,PCA,Sun Alert,Sun Connection,SunSolve,luupgrade,patch,patchadd,smpatch,solaris 10,truss,update manager},
title = {{BigAdmin Feature Article: Patch Management Best Practices}},
url = {http://www.oracle.com/technetwork/systems/articles/patch-management-jsp-135385.html},
urldate = {2015-05-13},
year = {2008}
}
