Automatically generated by Mendeley Desktop 1.14
Any changes to this file will be lost if it is regenerated by Mendeley.

BibTeX export options can be customized via Options -> BibTeX in Mendeley Desktop

<<<<<<< HEAD
=======
@misc{CreationOfUnix,
title = {{The Creation of the UNIX Operating System: An Overview of the UNIX* Operating System}},
url = {http://web.archive.org/web/20070707183617/http://www.bell-labs.com/history/unix/tutorial.html},
urldate = {2015-07-27},
year = {2007}
}
@misc{Microsoft2013,
author = {Microsoft},
title = {{A history of Windows - Microsoft Windows}},
url = {http://windows.microsoft.com/en-US/windows/history\#T1=era0},
urldate = {2015-07-27},
year = {2013}
}
>>>>>>> saucers
@misc{ShieldsHistoryOfOS,
author = {Shields, Dave},
title = {{A Brief History of Operating Systems | The Wayward Word Press on WordPress.com}},
url = {http://daveshields.me/presentations/a-brief-history-of-operating-systems/},
urldate = {2015-07-27}
}
<<<<<<< HEAD
@misc{CreationOfUnix,
title = {{The Creation of the UNIX Operating System: An Overview of the UNIX* Operating System}},
url = {http://web.archive.org/web/20070707183617/http://www.bell-labs.com/history/unix/tutorial.html},
urldate = {2015-07-27},
year = {2007}
}
@misc{Microsoft2013,
author = {Microsoft},
title = {{A history of Windows - Microsoft Windows}},
url = {http://windows.microsoft.com/en-US/windows/history\#T1=era0},
urldate = {2015-07-27},
year = {2013}
}
=======
>>>>>>> saucers
