Automatically generated by Mendeley Desktop 1.13.6
Any changes to this file will be lost if it is regenerated by Mendeley.

BibTeX export options can be customized via Options -> BibTeX in Mendeley Desktop

@book{Schmuller2013,
address = {New Jersey},
author = {Schmuller, Joseph},
edition = {3rd},
file = {:E$\backslash$:/Documents/eBooks/mendeley/Schmuller/Statistical Analysis with Excel for Dummies, 3rd Edition/Schmuller - 2013 - Statistical Analysis with Excel for Dummies, 3rd Edition.pdf:pdf},
isbn = {9781118464328},
publisher = {John Wiley \& Sons},
title = {{Statistical Analysis with Excel for Dummies, 3rd Edition}},
year = {2013}
}
@book{McKillup2011,
address = {Cambridge},
author = {McKillup, Steve},
doi = {10.4324/9780203496787},
edition = {2nd},
file = {:E$\backslash$:/Documents/eBooks/mendeley/McKillup/Statistics Explained An Introductory Guide for Life Scientists/McKillup - 2011 - Statistics Explained An Introductory Guide for Life Scientists.pdf:pdf},
isbn = {9780203496787},
month = jul,
publisher = {Cambridge University Press},
title = {{Statistics Explained: An Introductory Guide for Life Scientists}},
url = {http://www.tandfebooks.com/isbn/9780203496787},
year = {2011}
}
@book{Stowell2014,
address = {New York},
author = {Stowell, Sarah},
file = {:E$\backslash$:/Documents/eBooks/mendeley/Stowell/Using R for Statistics/Stowell - 2014 - Using R for Statistics.pdf:pdf},
isbn = {9781484201398},
publisher = {Apress},
title = {{Using R for Statistics}},
url = {http://library.wur.nl/WebQuery/clc/2064509},
year = {2014}
}
