Automatically generated by Mendeley Desktop 1.13.4
Any changes to this file will be lost if it is regenerated by Mendeley.

BibTeX export options can be customized via Options -> BibTeX in Mendeley Desktop

@misc{Ribeiro2013,
annote = {Tutorial 1: Confidentiality},
author = {Ribeiro, John},
booktitle = {Infoworld},
title = {{Target says 40 million cards likely skimmed in security breach | InfoWorld}},
url = {http://www.infoworld.com/article/2609317/hacking/target-says-40-million-cards-likely-skimmed-in-security-breach.html},
urldate = {2015-02-25},
year = {2013}
}
@misc{Ozkan2009,
author = {Ozkan, Serkan},
booktitle = {CVE Details},
keywords = {cve,cvss,cwe,exploit,information security,nvd,security,security vulnerability,vulnerability,vulnerability database},
title = {{Openoffice Openoffice.org version 1.1.5 : Security vulnerabilities}},
url = {http://www.cvedetails.com/vulnerability-list/vendor\_id-1510/product\_id-12908/version\_id-59221/Openoffice-Openoffice.org-1.1.5.html},
urldate = {2015-02-27},
year = {2009}
}
@misc{Anderson2010b,
author = {Anderson, Nate},
booktitle = {Ars Technica},
title = {{“Operation Payback” attacks to go on until “we stop being angry” | Ars Technica}},
url = {http://arstechnica.com/tech-policy/2010/09/operation-payback-attacks-continue-until-we-stop-being-angry/},
urldate = {2015-02-25},
year = {2010}
}
@misc{Microsoft2015,
author = {Microsoft},
booktitle = {Microsoft},
title = {{Microsoft Support Lifecycle}},
url = {http://support.microsoft.com/lifecycle/search/default.aspx?alpha=Vista},
urldate = {2015-02-27},
year = {2015}
}
@misc{Perlroth2013,
annote = {Tutorial 1: Availability},
author = {Perlroth, Nicole and Hardy, Quentin},
booktitle = {New York Times},
keywords = {Banking and Financial Institutions,Cloud Computing,Cyberwarfare,Data Centers,Iran},
title = {{Online Banking Attacks Were Work of Iran, U.S. Officials Say - NYTimes.com}},
url = {http://www.nytimes.com/2013/01/09/technology/online-banking-attacks-were-work-of-iran-us-officials-say.html?\_r=0},
urldate = {2015-02-25},
year = {2013}
}
@misc{Bright2010,
author = {Bright, Peter},
booktitle = {Ars Technica},
title = {{4chan rushes to WikiLeaks’ defense, forces Swiss banking site offline | Ars Technica}},
url = {http://arstechnica.com/tech-policy/2010/12/4chan-rushes-to-wikileaks-defense-forces-swiss-banking-site-offline/},
urldate = {2015-02-25},
year = {2010}
}
@misc{Grisham2015,
annote = {Tutorial 1: Confidentiality},
author = {Grisham, Lori},
booktitle = {USA Today},
title = {{Timeline: North Korea and the Sony Pictures hack}},
url = {http://www.usatoday.com/story/news/nation-now/2014/12/18/sony-hack-timeline-interview-north-korea/20601645/},
urldate = {2015-02-25},
year = {2015}
}
@misc{Ozkan2015a,
author = {Ozkan, Serkan},
booktitle = {CVE Details},
keywords = {cve,cvss,cwe,exploit,information security,nvd,security,security vulnerability,vulnerability,vulnerability database},
title = {{Microsoft Windows Vista : List of security vulnerabilities}},
url = {http://www.cvedetails.com/vulnerability-list/vendor\_id-26/product\_id-9591/Microsoft-Windows-Vista.html},
urldate = {2015-02-27},
year = {2015}
}
@misc{Gross2014,
annote = {Tutorial 1: Confidentiality},
author = {Gross, Grant},
booktitle = {Infoworld},
title = {{Update: Target now says up to 110 million affected by data breach | InfoWorld}},
url = {http://www.infoworld.com/article/2609239/data-security/update--target-now-says-up-to-110-million-affected-by-data-breach.html},
urldate = {2015-02-25},
year = {2014}
}
@article{Schneier1999a,
abstract = {Attack trees provide a formal, methodical way of describing the security of systems, based on varying attacks. Bruce shows how you can use them to improve security by modeling attacks.},
author = {Schneier, Bruce},
journal = {Dr. Dobb's Journal},
pages = {21--29},
title = {{Schneier on Security: Attack Trees}},
url = {https://www.schneier.com/paper-attacktrees-ddj-ft.html},
volume = {24},
year = {1999}
}
@misc{Microsoft2014,
author = {Microsoft},
booktitle = {Microsoft},
title = {{Windows lifecycle fact sheet - Windows Help}},
url = {http://windows.microsoft.com/en-au/windows/lifecycle},
urldate = {2015-02-27},
year = {2014}
}
@misc{Anderson2010a,
author = {Anderson, Nate},
booktitle = {Ars Technica},
title = {{4chan tries to change life “OUTSIDE the basement” via DDoS attacks | Ars Technica}},
url = {http://arstechnica.com/tech-policy/2010/09/4chan-tries-to-change-life-outside-the-basement-via-ddos-attacks/},
urldate = {2015-02-25},
year = {2010}
}
@inproceedings{Schneier1999b,
author = {Schneier, Bruce},
booktitle = {Counterpane Systems},
file = {:E$\backslash$:/Documents/eBooks/mendeley/Schneier/Attack Trees/Schneier - Unknown - Attack Trees.pdf:pdf},
issn = {1044-789X},
title = {{Attack Trees}},
url = {http://www.schneier.com/paper-attacktrees-ddj-ft.html}
}
@misc{Ozkan2011,
author = {Ozkan, Serkan},
booktitle = {CVE Details},
keywords = {cve,cvss,cwe,exploit,information security,nvd,security,security vulnerability,vulnerability,vulnerability database},
title = {{Adobe Acrobat version 6.0.1 : Security vulnerabilities}},
url = {http://www.cvedetails.com/vulnerability-list/vendor\_id-53/product\_id-921/version\_id-14559/Adobe-Acrobat-6.0.1.html},
urldate = {2015-02-27},
year = {2011}
}
@misc{Goodin2015,
annote = {Tutorial 1: Confidentiality},
author = {Goodin, Dan},
booktitle = {Ars Technica},
title = {{Lenovo PCs ship with man-in-the-middle adware that breaks HTTPS connections [Updated] | Ars Technica}},
url = {http://arstechnica.com/security/2015/02/lenovo-pcs-ship-with-man-in-the-middle-adware-that-breaks-https-connections/},
urldate = {2015-02-25},
year = {2015}
}
@misc{Ozkan2015b,
author = {Ozkan, Serkan},
booktitle = {CVE Details},
keywords = {cve,cvss,cwe,exploit,information security,nvd,security,security vulnerability,vulnerability,vulnerability database},
title = {{Microsoft Internet Explorer version 7 : Security vulnerabilities}},
url = {http://www.cvedetails.com/vulnerability-list/vendor\_id-26/product\_id-9900/version\_id-53823/Microsoft-Internet-Explorer-7.html},
urldate = {2015-02-27},
year = {2015}
}
@article{Mueller2004,
author = {Mueller, John},
file = {:E$\backslash$:/Documents/eBooks/mendeley/Mueller/A False Sense of Security/Mueller - 2004 - A False Sense of Security.pdf:pdf},
journal = {Regulation},
number = {3},
pages = {42--46},
title = {{A False Sense of Security?}},
volume = {27},
year = {2004}
}
@misc{Poulsen2011,
author = {Poulsen, Kevin},
booktitle = {Wired.com},
keywords = {Wired Blogs,Wired News,Wired.com,culture,electronics,gadgets,gizmos,politics,reviews,science,tech,tech news,technology},
title = {{Hacktivists Scorch PBS in Retaliation for WikiLeaks Documentary}},
url = {http://www.wired.com/2011/05/lulzsec/},
urldate = {2015-02-25},
year = {2011}
}
