Automatically generated by Mendeley Desktop 1.13.8
Any changes to this file will be lost if it is regenerated by Mendeley.

BibTeX export options can be customized via Options -> BibTeX in Mendeley Desktop

@misc{Eckel2011,
author = {Eckel, Erik},
booktitle = {TechRepublic.com},
title = {{Only novices daisy-chain switches - TechRepublic}},
url = {http://www.techrepublic.com/blog/it-consultant/only-novices-daisy-chain-switches/},
urldate = {2015-03-14},
year = {2011}
}
@book{Bruno2011,
address = {Indianapolis},
author = {Bruno, Anthony and Jordan, Steve},
file = {:E$\backslash$:/Documents/eBooks/mendeley/Bruno, Jordan/CCDA 640-864 Official Cert Guide/Bruno, Jordan - 2011 - CCDA 640-864 Official Cert Guide.pdf:pdf},
isbn = {9781587142574},
pages = {100},
title = {{CCDA 640-864 Official Cert Guide}},
url = {http://books.google.com/books?hl=en\&lr=\&id=cuOoV5u3WCUC\&oi=fnd\&pg=PR9\&dq=CCDA+640-864+Official+Cert+Guide\&ots=UodfIpCQvM\&sig=HQQEYBglRA6QdEqHzMyGwsV4xS0},
year = {2011}
}
@book{Wilkins2008,
address = {Indianapolis},
author = {Wilkins, Sean R.},
booktitle = {Certification self-study series},
edition = {3rd},
file = {:E$\backslash$:/Documents/eBooks/mendeley/Wilkins/Designing for Cisco internetwork solutions (DESGN)/Wilkins - 2012 - Designing for Cisco internetwork solutions (DESGN).pdf:pdf},
isbn = {9781587052729 (hardcover)$\backslash$r1587052725 (hardcover)},
keywords = {Computer networks Examinations Study guides.,Internetworking (Telecommunication) Examinations S,Telecommunications engineers Certification.,UMUC CSEC 610 Week 10},
pages = {549},
pmid = {14958850},
title = {{Designing for Cisco internetwork solutions (DESGN)}},
url = {http://www.loc.gov/catdir/toc/ecip0724/2007032855.html},
year = {2012}
}
