Automatically generated by Mendeley Desktop 1.13.5
Any changes to this file will be lost if it is regenerated by Mendeley.

BibTeX export options can be customized via Options -> BibTeX in Mendeley Desktop

@inproceedings{Schneier1999b,
author = {Schneier, Bruce},
booktitle = {Counterpane Systems},
file = {:E$\backslash$:/Documents/eBooks/mendeley/Schneier/Attack Trees/Schneier - Unknown - Attack Trees.pdf:pdf},
issn = {1044-789X},
title = {{Attack Trees}},
url = {http://www.schneier.com/paper-attacktrees-ddj-ft.html}
}
@article{Mueller2004,
author = {Mueller, John},
file = {:E$\backslash$:/Documents/eBooks/mendeley/Mueller/A False Sense of Security/Mueller - 2004 - A False Sense of Security.pdf:pdf},
journal = {Regulation},
number = {3},
pages = {42--46},
title = {{A False Sense of Security?}},
volume = {27},
year = {2004}
}
@article{Schneier1999a,
abstract = {Attack trees provide a formal, methodical way of describing the security of systems, based on varying attacks. Bruce shows how you can use them to improve security by modeling attacks.},
author = {Schneier, Bruce},
journal = {Dr. Dobb's Journal},
pages = {21--29},
title = {{Schneier on Security: Attack Trees}},
url = {https://www.schneier.com/paper-attacktrees-ddj-ft.html},
volume = {24},
year = {1999}
}
