Automatically generated by Mendeley Desktop 1.13.8
Any changes to this file will be lost if it is regenerated by Mendeley.

BibTeX export options can be customized via Options -> BibTeX in Mendeley Desktop

@misc{Microsoft2012,
author = {Microsoft},
title = {{Password must meet complexity requirements}},
url = {https://technet.microsoft.com/en-us/library/hh994562(v=ws.10).aspx},
urldate = {2015-05-14},
year = {2012}
}
@misc{AV-TEST2014b,
author = {AV-TEST},
title = {{Test Kaspersky Lab Endpoint Security for Windows 7 | AV-TEST}},
url = {http://www.av-test.org/en/antivirus/business-windows-client/windows-7/december-2014/kaspersky-lab-endpoint-security-10.2-145015/},
urldate = {2015-05-16},
year = {2014}
}
@misc{MicrosoftScreenSaverLock,
author = {Microsoft},
title = {{Screen Saver timeout}},
url = {https://technet.microsoft.com/en-us/library/cc961876.aspx},
urldate = {2015-05-14}
}
@misc{AV-TEST2014a,
author = {AV-TEST},
title = {{Test antivirus software for Windows 7 - December 2014 | AV-TEST}},
url = {http://www.av-test.org/en/antivirus/business-windows-client/windows-7/},
urldate = {2015-05-16},
year = {2014}
}
@misc{Kaspersky2013a,
author = {Kaspersky},
file = {:E$\backslash$:/Documents/eBooks/mendeley/Kaspersky/About KASPERSKY ENDPOINT SECURITY FOR BUSINESS/Kaspersky - 2013 - About KASPERSKY ENDPOINT SECURITY FOR BUSINESS.pdf:pdf},
pages = {4},
title = {{About KASPERSKY ENDPOINT SECURITY FOR BUSINESS}},
url = {http://media.kaspersky.com/en/business-security/endpoint-overview.pdf},
urldate = {2015-05-16},
year = {2013}
}
@misc{Kaspersky2013b,
author = {Kaspersky},
keywords = {BYOD,Be Ready for What's Next,IT security,Kaspersky Endpoint Security,Kaspersky Lab,Tom Fitzpatrick,control tools,mobile device manag...,mobile security},
title = {{Introducing Kaspersky Endpoint Security for Business (Advanced)}},
url = {https://www.youtube.com/watch?v=ctYWZxSVE-s},
urldate = {2015-05-16},
year = {2013}
}
@misc{Microsoftb,
author = {Microsoft},
keywords = {Cloud,IE,Internet Explorer,Office365,SP1,Windows,Windows 7,best practices,hot issue,knowledge sharing,tips},
title = {{Configure UAC settings via policy - Microsoft Reduce Customer Effort Center - Site Home - TechNet Blogs}},
url = {http://blogs.technet.com/b/asiasupp/archive/2007/02/08/configure-uac-settings-via-policy.aspx},
urldate = {2015-05-14},
year = {2007}
}
@misc{AV-TEST2013,
author = {AV-TEST},
file = {:E$\backslash$:/Documents/eBooks/mendeley/AV-TEST/Patch Management Solutions Test/AV-TEST - 2013 - Patch Management Solutions Test.pdf:pdf},
number = {November},
pages = {1--15},
title = {{Patch Management Solutions Test}},
url = {http://www.av-test.org/fileadmin/pdf/avtest\_2013-07\_patch\_management\_english.pdf},
urldate = {2015-05-16},
year = {2013}
}
