@book{Eagly1987,
author={Eagly,Alice H.},
year={1987},
title={Sex Differences in Social Behavior: A Social-role interpretation},
publisher={Taylor and Francis},
address={Hoboken},
isbn={113493114X, 9781134931149},
language={English},
}

